%YAML 1.1
%TAG !u! tag:unity3d.com,2011:
--- !u!29 &1
OcclusionCullingSettings:
  m_ObjectHideFlags: 0
  serializedVersion: 2
  m_OcclusionBakeSettings:
    smallestOccluder: 5
    smallestHole: 0.25
    backfaceThreshold: 100
  m_SceneGUID: 00000000000000000000000000000000
  m_OcclusionCullingData: {fileID: 0}
--- !u!104 &2
RenderSettings:
  m_ObjectHideFlags: 0
  serializedVersion: 9
  m_Fog: 0
  m_FogColor: {r: 0.5, g: 0.5, b: 0.5, a: 1}
  m_FogMode: 3
  m_FogDensity: 0.01
  m_LinearFogStart: 0
  m_LinearFogEnd: 300
  m_AmbientSkyColor: {r: 0.212, g: 0.227, b: 0.259, a: 1}
  m_AmbientEquatorColor: {r: 0.114, g: 0.125, b: 0.133, a: 1}
  m_AmbientGroundColor: {r: 0.047, g: 0.043, b: 0.035, a: 1}
  m_AmbientIntensity: 1
  m_AmbientMode: 0
  m_SubtractiveShadowColor: {r: 0.42, g: 0.478, b: 0.627, a: 1}
  m_SkyboxMaterial: {fileID: 10304, guid: 0000000000000000f000000000000000, type: 0}
  m_HaloStrength: 0.5
  m_FlareStrength: 1
  m_FlareFadeSpeed: 3
  m_HaloTexture: {fileID: 0}
  m_SpotCookie: {fileID: 10001, guid: 0000000000000000e000000000000000, type: 0}
  m_DefaultReflectionMode: 0
  m_DefaultReflectionResolution: 128
  m_ReflectionBounces: 1
  m_ReflectionIntensity: 1
  m_CustomReflection: {fileID: 0}
  m_Sun: {fileID: 0}
  m_IndirectSpecularColor: {r: 0, g: 0, b: 0, a: 1}
  m_UseRadianceAmbientProbe: 0
--- !u!157 &3
LightmapSettings:
  m_ObjectHideFlags: 0
  serializedVersion: 11
  m_GIWorkflowMode: 1
  m_GISettings:
    serializedVersion: 2
    m_BounceScale: 1
    m_IndirectOutputScale: 1
    m_AlbedoBoost: 1
    m_EnvironmentLightingMode: 0
    m_EnableBakedLightmaps: 1
    m_EnableRealtimeLightmaps: 1
  m_LightmapEditorSettings:
    serializedVersion: 12
    m_Resolution: 2
    m_BakeResolution: 40
    m_AtlasSize: 1024
    m_AO: 0
    m_AOMaxDistance: 1
    m_CompAOExponent: 1
    m_CompAOExponentDirect: 0
    m_ExtractAmbientOcclusion: 0
    m_Padding: 2
    m_LightmapParameters: {fileID: 0}
    m_LightmapsBakeMode: 1
    m_TextureCompression: 1
    m_FinalGather: 0
    m_FinalGatherFiltering: 1
    m_FinalGatherRayCount: 256
    m_ReflectionCompression: 2
    m_MixedBakeMode: 2
    m_BakeBackend: 1
    m_PVRSampling: 1
    m_PVRDirectSampleCount: 32
    m_PVRSampleCount: 512
    m_PVRBounces: 2
    m_PVREnvironmentSampleCount: 256
    m_PVREnvironmentReferencePointCount: 2048
    m_PVRFilteringMode: 1
    m_PVRDenoiserTypeDirect: 1
    m_PVRDenoiserTypeIndirect: 1
    m_PVRDenoiserTypeAO: 1
    m_PVRFilterTypeDirect: 0
    m_PVRFilterTypeIndirect: 0
    m_PVRFilterTypeAO: 0
    m_PVREnvironmentMIS: 1
    m_PVRCulling: 1
    m_PVRFilteringGaussRadiusDirect: 1
    m_PVRFilteringGaussRadiusIndirect: 5
    m_PVRFilteringGaussRadiusAO: 2
    m_PVRFilteringAtrousPositionSigmaDirect: 0.5
    m_PVRFilteringAtrousPositionSigmaIndirect: 2
    m_PVRFilteringAtrousPositionSigmaAO: 1
    m_ExportTrainingData: 0
    m_TrainingDataDestination: TrainingData
  m_LightingDataAsset: {fileID: 0}
  m_UseShadowmask: 1
--- !u!196 &4
NavMeshSettings:
  serializedVersion: 2
  m_ObjectHideFlags: 0
  m_BuildSettings:
    serializedVersion: 2
    agentTypeID: 0
    agentRadius: 0.5
    agentHeight: 2
    agentSlope: 45
    agentClimb: 0.4
    ledgeDropHeight: 0
    maxJumpAcrossDistance: 0
    minRegionArea: 2
    manualCellSize: 0
    cellSize: 0.16666667
    manualTileSize: 0
    tileSize: 256
    accuratePlacement: 0
    debug:
      m_Flags: 0
  m_NavMeshData: {fileID: 0}
--- !u!1001 &185647492
PrefabInstance:
  m_ObjectHideFlags: 0
  serializedVersion: 2
  m_Modification:
    m_TransformParent: {fileID: 0}
    m_Modifications:
    - target: {fileID: 944031851353780448, guid: 1ef026cc9ef6243ecba5c60de901b5f1,
        type: 3}
      propertyPath: m_Name
      value: Oscilating Obstacle (11)
      objectReference: {fileID: 0}
    - target: {fileID: 944031851353780460, guid: 1ef026cc9ef6243ecba5c60de901b5f1,
        type: 3}
      propertyPath: m_LocalPosition.x
      value: -89.4
      objectReference: {fileID: 0}
    - target: {fileID: 944031851353780460, guid: 1ef026cc9ef6243ecba5c60de901b5f1,
        type: 3}
      propertyPath: m_LocalPosition.y
      value: 97.5
      objectReference: {fileID: 0}
    - target: {fileID: 944031851353780460, guid: 1ef026cc9ef6243ecba5c60de901b5f1,
        type: 3}
      propertyPath: m_LocalPosition.z
      value: 0
      objectReference: {fileID: 0}
    - target: {fileID: 944031851353780460, guid: 1ef026cc9ef6243ecba5c60de901b5f1,
        type: 3}
      propertyPath: m_LocalRotation.x
      value: 0
      objectReference: {fileID: 0}
    - target: {fileID: 944031851353780460, guid: 1ef026cc9ef6243ecba5c60de901b5f1,
        type: 3}
      propertyPath: m_LocalRotation.y
      value: 0
      objectReference: {fileID: 0}
    - target: {fileID: 944031851353780460, guid: 1ef026cc9ef6243ecba5c60de901b5f1,
        type: 3}
      propertyPath: m_LocalRotation.z
      value: 0
      objectReference: {fileID: 0}
    - target: {fileID: 944031851353780460, guid: 1ef026cc9ef6243ecba5c60de901b5f1,
        type: 3}
      propertyPath: m_LocalRotation.w
      value: 1
      objectReference: {fileID: 0}
    - target: {fileID: 944031851353780460, guid: 1ef026cc9ef6243ecba5c60de901b5f1,
        type: 3}
      propertyPath: m_RootOrder
      value: 20
      objectReference: {fileID: 0}
    - target: {fileID: 944031851353780460, guid: 1ef026cc9ef6243ecba5c60de901b5f1,
        type: 3}
      propertyPath: m_LocalEulerAnglesHint.x
      value: 0
      objectReference: {fileID: 0}
    - target: {fileID: 944031851353780460, guid: 1ef026cc9ef6243ecba5c60de901b5f1,
        type: 3}
      propertyPath: m_LocalEulerAnglesHint.y
      value: 0
      objectReference: {fileID: 0}
    - target: {fileID: 944031851353780460, guid: 1ef026cc9ef6243ecba5c60de901b5f1,
        type: 3}
      propertyPath: m_LocalEulerAnglesHint.z
      value: 0
      objectReference: {fileID: 0}
    - target: {fileID: 944031851353780460, guid: 1ef026cc9ef6243ecba5c60de901b5f1,
        type: 3}
      propertyPath: m_LocalScale.x
      value: 1
      objectReference: {fileID: 0}
    - target: {fileID: 944031851353780460, guid: 1ef026cc9ef6243ecba5c60de901b5f1,
        type: 3}
      propertyPath: m_LocalScale.y
      value: 47.82134
      objectReference: {fileID: 0}
    - target: {fileID: 944031851353780460, guid: 1ef026cc9ef6243ecba5c60de901b5f1,
        type: 3}
      propertyPath: m_LocalScale.z
      value: 27.764896
      objectReference: {fileID: 0}
    - target: {fileID: 4516263227184295880, guid: 1ef026cc9ef6243ecba5c60de901b5f1,
        type: 3}
      propertyPath: movementVector.y
      value: -200
      objectReference: {fileID: 0}
    - target: {fileID: 4516263227184295880, guid: 1ef026cc9ef6243ecba5c60de901b5f1,
        type: 3}
      propertyPath: period
      value: 5
      objectReference: {fileID: 0}
    - target: {fileID: 4516263227184295880, guid: 1ef026cc9ef6243ecba5c60de901b5f1,
        type: 3}
      propertyPath: movementVector.x
      value: 0
      objectReference: {fileID: 0}
    m_RemovedComponents: []
  m_SourcePrefab: {fileID: 100100000, guid: 1ef026cc9ef6243ecba5c60de901b5f1, type: 3}
--- !u!1001 &246725633
PrefabInstance:
  m_ObjectHideFlags: 0
  serializedVersion: 2
  m_Modification:
    m_TransformParent: {fileID: 0}
    m_Modifications:
    - target: {fileID: 944031851353780448, guid: 1ef026cc9ef6243ecba5c60de901b5f1,
        type: 3}
      propertyPath: m_Name
      value: Oscilating Obstacle (4)
      objectReference: {fileID: 0}
    - target: {fileID: 944031851353780460, guid: 1ef026cc9ef6243ecba5c60de901b5f1,
        type: 3}
      propertyPath: m_LocalPosition.x
      value: -141
      objectReference: {fileID: 0}
    - target: {fileID: 944031851353780460, guid: 1ef026cc9ef6243ecba5c60de901b5f1,
        type: 3}
      propertyPath: m_LocalPosition.y
      value: 37.8
      objectReference: {fileID: 0}
    - target: {fileID: 944031851353780460, guid: 1ef026cc9ef6243ecba5c60de901b5f1,
        type: 3}
      propertyPath: m_LocalPosition.z
      value: 0
      objectReference: {fileID: 0}
    - target: {fileID: 944031851353780460, guid: 1ef026cc9ef6243ecba5c60de901b5f1,
        type: 3}
      propertyPath: m_LocalRotation.x
      value: 0
      objectReference: {fileID: 0}
    - target: {fileID: 944031851353780460, guid: 1ef026cc9ef6243ecba5c60de901b5f1,
        type: 3}
      propertyPath: m_LocalRotation.y
      value: 0
      objectReference: {fileID: 0}
    - target: {fileID: 944031851353780460, guid: 1ef026cc9ef6243ecba5c60de901b5f1,
        type: 3}
      propertyPath: m_LocalRotation.z
      value: 0.7071068
      objectReference: {fileID: 0}
    - target: {fileID: 944031851353780460, guid: 1ef026cc9ef6243ecba5c60de901b5f1,
        type: 3}
      propertyPath: m_LocalRotation.w
      value: 0.7071068
      objectReference: {fileID: 0}
    - target: {fileID: 944031851353780460, guid: 1ef026cc9ef6243ecba5c60de901b5f1,
        type: 3}
      propertyPath: m_RootOrder
      value: 13
      objectReference: {fileID: 0}
    - target: {fileID: 944031851353780460, guid: 1ef026cc9ef6243ecba5c60de901b5f1,
        type: 3}
      propertyPath: m_LocalEulerAnglesHint.x
      value: 0
      objectReference: {fileID: 0}
    - target: {fileID: 944031851353780460, guid: 1ef026cc9ef6243ecba5c60de901b5f1,
        type: 3}
      propertyPath: m_LocalEulerAnglesHint.y
      value: 0
      objectReference: {fileID: 0}
    - target: {fileID: 944031851353780460, guid: 1ef026cc9ef6243ecba5c60de901b5f1,
        type: 3}
      propertyPath: m_LocalEulerAnglesHint.z
      value: 90
      objectReference: {fileID: 0}
    - target: {fileID: 944031851353780460, guid: 1ef026cc9ef6243ecba5c60de901b5f1,
        type: 3}
      propertyPath: m_LocalScale.x
      value: 1
      objectReference: {fileID: 0}
    - target: {fileID: 944031851353780460, guid: 1ef026cc9ef6243ecba5c60de901b5f1,
        type: 3}
      propertyPath: m_LocalScale.y
      value: 47.82134
      objectReference: {fileID: 0}
    - target: {fileID: 944031851353780460, guid: 1ef026cc9ef6243ecba5c60de901b5f1,
        type: 3}
      propertyPath: m_LocalScale.z
      value: 27.764896
      objectReference: {fileID: 0}
    - target: {fileID: 4516263227184295880, guid: 1ef026cc9ef6243ecba5c60de901b5f1,
        type: 3}
      propertyPath: movementVector.y
      value: 0
      objectReference: {fileID: 0}
    - target: {fileID: 4516263227184295880, guid: 1ef026cc9ef6243ecba5c60de901b5f1,
        type: 3}
      propertyPath: period
      value: 15
      objectReference: {fileID: 0}
    - target: {fileID: 4516263227184295880, guid: 1ef026cc9ef6243ecba5c60de901b5f1,
        type: 3}
      propertyPath: movementVector.x
      value: 400
      objectReference: {fileID: 0}
    m_RemovedComponents: []
  m_SourcePrefab: {fileID: 100100000, guid: 1ef026cc9ef6243ecba5c60de901b5f1, type: 3}
--- !u!1 &328706930
GameObject:
  m_ObjectHideFlags: 0
  m_CorrespondingSourceObject: {fileID: 0}
  m_PrefabInstance: {fileID: 0}
  m_PrefabAsset: {fileID: 0}
  serializedVersion: 6
  m_Component:
  - component: {fileID: 328706931}
  m_Layer: 0
  m_Name: Cave walls
  m_TagString: Untagged
  m_Icon: {fileID: 0}
  m_NavMeshLayer: 0
  m_StaticEditorFlags: 0
  m_IsActive: 1
--- !u!4 &328706931
Transform:
  m_ObjectHideFlags: 0
  m_CorrespondingSourceObject: {fileID: 0}
  m_PrefabInstance: {fileID: 0}
  m_PrefabAsset: {fileID: 0}
  m_GameObject: {fileID: 328706930}
  m_LocalRotation: {x: 0, y: 0, z: 0, w: 1}
  m_LocalPosition: {x: -3.2876248, y: 24.27721, z: -35.88675}
  m_LocalScale: {x: 1, y: 1, z: 1}
  m_Children:
  - {fileID: 662110342}
  - {fileID: 1031643860}
  - {fileID: 1516052067}
  - {fileID: 1032179588}
  - {fileID: 860757202}
  m_Father: {fileID: 0}
  m_RootOrder: 9
  m_LocalEulerAnglesHint: {x: 0, y: 0, z: 0}
--- !u!1001 &662110341
PrefabInstance:
  m_ObjectHideFlags: 0
  serializedVersion: 2
  m_Modification:
    m_TransformParent: {fileID: 328706931}
    m_Modifications:
    - target: {fileID: 3725922257991454194, guid: 8b8f77be3d42d4f03b9ade49b4fb5160,
        type: 3}
      propertyPath: m_Name
      value: Obstacle 1 (1)
      objectReference: {fileID: 0}
    - target: {fileID: 3725922257991454194, guid: 8b8f77be3d42d4f03b9ade49b4fb5160,
        type: 3}
      propertyPath: m_TagString
      value: Untagged
      objectReference: {fileID: 0}
    - target: {fileID: 3725922257991454206, guid: 8b8f77be3d42d4f03b9ade49b4fb5160,
        type: 3}
      propertyPath: m_LocalPosition.x
      value: -111.5
      objectReference: {fileID: 0}
    - target: {fileID: 3725922257991454206, guid: 8b8f77be3d42d4f03b9ade49b4fb5160,
        type: 3}
      propertyPath: m_LocalPosition.y
      value: 11.7
      objectReference: {fileID: 0}
    - target: {fileID: 3725922257991454206, guid: 8b8f77be3d42d4f03b9ade49b4fb5160,
        type: 3}
      propertyPath: m_LocalPosition.z
      value: 40.7
      objectReference: {fileID: 0}
    - target: {fileID: 3725922257991454206, guid: 8b8f77be3d42d4f03b9ade49b4fb5160,
        type: 3}
      propertyPath: m_LocalRotation.x
      value: 0
      objectReference: {fileID: 0}
    - target: {fileID: 3725922257991454206, guid: 8b8f77be3d42d4f03b9ade49b4fb5160,
        type: 3}
      propertyPath: m_LocalRotation.y
      value: 0
      objectReference: {fileID: 0}
    - target: {fileID: 3725922257991454206, guid: 8b8f77be3d42d4f03b9ade49b4fb5160,
        type: 3}
      propertyPath: m_LocalRotation.z
      value: 0
      objectReference: {fileID: 0}
    - target: {fileID: 3725922257991454206, guid: 8b8f77be3d42d4f03b9ade49b4fb5160,
        type: 3}
      propertyPath: m_LocalRotation.w
      value: 1
      objectReference: {fileID: 0}
    - target: {fileID: 3725922257991454206, guid: 8b8f77be3d42d4f03b9ade49b4fb5160,
        type: 3}
      propertyPath: m_RootOrder
      value: 0
      objectReference: {fileID: 0}
    - target: {fileID: 3725922257991454206, guid: 8b8f77be3d42d4f03b9ade49b4fb5160,
        type: 3}
      propertyPath: m_LocalEulerAnglesHint.x
      value: 0
      objectReference: {fileID: 0}
    - target: {fileID: 3725922257991454206, guid: 8b8f77be3d42d4f03b9ade49b4fb5160,
        type: 3}
      propertyPath: m_LocalEulerAnglesHint.y
      value: 0
      objectReference: {fileID: 0}
    - target: {fileID: 3725922257991454206, guid: 8b8f77be3d42d4f03b9ade49b4fb5160,
        type: 3}
      propertyPath: m_LocalEulerAnglesHint.z
      value: 0
      objectReference: {fileID: 0}
    - target: {fileID: 3725922257991454206, guid: 8b8f77be3d42d4f03b9ade49b4fb5160,
        type: 3}
      propertyPath: m_LocalScale.x
      value: 2.2215984
      objectReference: {fileID: 0}
    - target: {fileID: 3725922257991454206, guid: 8b8f77be3d42d4f03b9ade49b4fb5160,
        type: 3}
      propertyPath: m_LocalScale.y
      value: 71.82206
      objectReference: {fileID: 0}
    - target: {fileID: 3725922257991454206, guid: 8b8f77be3d42d4f03b9ade49b4fb5160,
        type: 3}
      propertyPath: m_LocalScale.z
      value: 33.319366
      objectReference: {fileID: 0}
    m_RemovedComponents: []
  m_SourcePrefab: {fileID: 100100000, guid: 8b8f77be3d42d4f03b9ade49b4fb5160, type: 3}
--- !u!4 &662110342 stripped
Transform:
  m_CorrespondingSourceObject: {fileID: 3725922257991454206, guid: 8b8f77be3d42d4f03b9ade49b4fb5160,
    type: 3}
  m_PrefabInstance: {fileID: 662110341}
  m_PrefabAsset: {fileID: 0}
--- !u!1001 &761558749
PrefabInstance:
  m_ObjectHideFlags: 0
  serializedVersion: 2
  m_Modification:
    m_TransformParent: {fileID: 0}
    m_Modifications:
    - target: {fileID: 1631032045393618017, guid: 7d11e91b8c8e440db84a35afe50ac4b5,
        type: 3}
      propertyPath: m_Name
      value: Terrain
      objectReference: {fileID: 0}
    - target: {fileID: 5930257773907165073, guid: 7d11e91b8c8e440db84a35afe50ac4b5,
        type: 3}
      propertyPath: m_LocalPosition.x
      value: 0
      objectReference: {fileID: 0}
    - target: {fileID: 5930257773907165073, guid: 7d11e91b8c8e440db84a35afe50ac4b5,
        type: 3}
      propertyPath: m_LocalPosition.y
      value: -15
      objectReference: {fileID: 0}
    - target: {fileID: 5930257773907165073, guid: 7d11e91b8c8e440db84a35afe50ac4b5,
        type: 3}
      propertyPath: m_LocalPosition.z
      value: 0
      objectReference: {fileID: 0}
    - target: {fileID: 5930257773907165073, guid: 7d11e91b8c8e440db84a35afe50ac4b5,
        type: 3}
      propertyPath: m_LocalRotation.x
      value: 0
      objectReference: {fileID: 0}
    - target: {fileID: 5930257773907165073, guid: 7d11e91b8c8e440db84a35afe50ac4b5,
        type: 3}
      propertyPath: m_LocalRotation.y
      value: 0
      objectReference: {fileID: 0}
    - target: {fileID: 5930257773907165073, guid: 7d11e91b8c8e440db84a35afe50ac4b5,
        type: 3}
      propertyPath: m_LocalRotation.z
      value: 0
      objectReference: {fileID: 0}
    - target: {fileID: 5930257773907165073, guid: 7d11e91b8c8e440db84a35afe50ac4b5,
        type: 3}
      propertyPath: m_LocalRotation.w
      value: 1
      objectReference: {fileID: 0}
    - target: {fileID: 5930257773907165073, guid: 7d11e91b8c8e440db84a35afe50ac4b5,
        type: 3}
      propertyPath: m_RootOrder
      value: 3
      objectReference: {fileID: 0}
    - target: {fileID: 5930257773907165073, guid: 7d11e91b8c8e440db84a35afe50ac4b5,
        type: 3}
      propertyPath: m_LocalEulerAnglesHint.x
      value: 0
      objectReference: {fileID: 0}
    - target: {fileID: 5930257773907165073, guid: 7d11e91b8c8e440db84a35afe50ac4b5,
        type: 3}
      propertyPath: m_LocalEulerAnglesHint.y
      value: 0
      objectReference: {fileID: 0}
    - target: {fileID: 5930257773907165073, guid: 7d11e91b8c8e440db84a35afe50ac4b5,
        type: 3}
      propertyPath: m_LocalEulerAnglesHint.z
      value: 0
      objectReference: {fileID: 0}
    - target: {fileID: 5930257773907165073, guid: 7d11e91b8c8e440db84a35afe50ac4b5,
        type: 3}
      propertyPath: m_LocalScale.z
      value: 30
      objectReference: {fileID: 0}
    - target: {fileID: 5930257773907165073, guid: 7d11e91b8c8e440db84a35afe50ac4b5,
        type: 3}
      propertyPath: m_LocalScale.x
      value: 238.76
      objectReference: {fileID: 0}
    - target: {fileID: 8597860469333083463, guid: 7d11e91b8c8e440db84a35afe50ac4b5,
        type: 3}
      propertyPath: m_Materials.Array.data[0]
      value: 
      objectReference: {fileID: 2100000, guid: 21d9b7d49573c4af1994d18776518f3a, type: 2}
    m_RemovedComponents: []
  m_SourcePrefab: {fileID: 100100000, guid: 7d11e91b8c8e440db84a35afe50ac4b5, type: 3}
--- !u!1001 &794420609
PrefabInstance:
  m_ObjectHideFlags: 0
  serializedVersion: 2
  m_Modification:
    m_TransformParent: {fileID: 0}
    m_Modifications:
    - target: {fileID: 944031851353780448, guid: 1ef026cc9ef6243ecba5c60de901b5f1,
        type: 3}
      propertyPath: m_Name
      value: Oscilating Obstacle (1)
      objectReference: {fileID: 0}
    - target: {fileID: 944031851353780460, guid: 1ef026cc9ef6243ecba5c60de901b5f1,
        type: 3}
      propertyPath: m_LocalPosition.x
      value: -1.1
      objectReference: {fileID: 0}
    - target: {fileID: 944031851353780460, guid: 1ef026cc9ef6243ecba5c60de901b5f1,
        type: 3}
      propertyPath: m_LocalPosition.y
      value: -25.3
      objectReference: {fileID: 0}
    - target: {fileID: 944031851353780460, guid: 1ef026cc9ef6243ecba5c60de901b5f1,
        type: 3}
      propertyPath: m_LocalPosition.z
      value: 0
      objectReference: {fileID: 0}
    - target: {fileID: 944031851353780460, guid: 1ef026cc9ef6243ecba5c60de901b5f1,
        type: 3}
      propertyPath: m_LocalRotation.x
      value: 0
      objectReference: {fileID: 0}
    - target: {fileID: 944031851353780460, guid: 1ef026cc9ef6243ecba5c60de901b5f1,
        type: 3}
      propertyPath: m_LocalRotation.y
      value: 0
      objectReference: {fileID: 0}
    - target: {fileID: 944031851353780460, guid: 1ef026cc9ef6243ecba5c60de901b5f1,
        type: 3}
      propertyPath: m_LocalRotation.z
      value: 0
      objectReference: {fileID: 0}
    - target: {fileID: 944031851353780460, guid: 1ef026cc9ef6243ecba5c60de901b5f1,
        type: 3}
      propertyPath: m_LocalRotation.w
      value: 1
      objectReference: {fileID: 0}
    - target: {fileID: 944031851353780460, guid: 1ef026cc9ef6243ecba5c60de901b5f1,
        type: 3}
      propertyPath: m_RootOrder
      value: 10
      objectReference: {fileID: 0}
    - target: {fileID: 944031851353780460, guid: 1ef026cc9ef6243ecba5c60de901b5f1,
        type: 3}
      propertyPath: m_LocalEulerAnglesHint.x
      value: 0
      objectReference: {fileID: 0}
    - target: {fileID: 944031851353780460, guid: 1ef026cc9ef6243ecba5c60de901b5f1,
        type: 3}
      propertyPath: m_LocalEulerAnglesHint.y
      value: 0
      objectReference: {fileID: 0}
    - target: {fileID: 944031851353780460, guid: 1ef026cc9ef6243ecba5c60de901b5f1,
        type: 3}
      propertyPath: m_LocalEulerAnglesHint.z
      value: 0
      objectReference: {fileID: 0}
    - target: {fileID: 944031851353780460, guid: 1ef026cc9ef6243ecba5c60de901b5f1,
        type: 3}
      propertyPath: m_LocalScale.x
      value: 1
      objectReference: {fileID: 0}
    - target: {fileID: 944031851353780460, guid: 1ef026cc9ef6243ecba5c60de901b5f1,
        type: 3}
      propertyPath: m_LocalScale.y
      value: 47.82134
      objectReference: {fileID: 0}
    - target: {fileID: 944031851353780460, guid: 1ef026cc9ef6243ecba5c60de901b5f1,
        type: 3}
      propertyPath: m_LocalScale.z
      value: 27.764896
      objectReference: {fileID: 0}
    - target: {fileID: 4516263227184295880, guid: 1ef026cc9ef6243ecba5c60de901b5f1,
        type: 3}
      propertyPath: movementVector.y
      value: 200
      objectReference: {fileID: 0}
    - target: {fileID: 4516263227184295880, guid: 1ef026cc9ef6243ecba5c60de901b5f1,
        type: 3}
      propertyPath: period
      value: 5
      objectReference: {fileID: 0}
    - target: {fileID: 4516263227184295880, guid: 1ef026cc9ef6243ecba5c60de901b5f1,
        type: 3}
      propertyPath: movementVector.x
      value: 0
      objectReference: {fileID: 0}
    m_RemovedComponents: []
  m_SourcePrefab: {fileID: 100100000, guid: 1ef026cc9ef6243ecba5c60de901b5f1, type: 3}
--- !u!1001 &853415484
PrefabInstance:
  m_ObjectHideFlags: 0
  serializedVersion: 2
  m_Modification:
    m_TransformParent: {fileID: 0}
    m_Modifications:
    - target: {fileID: 7614541863953561210, guid: c85e3e4084eaf4ec98061265010c2245,
        type: 3}
      propertyPath: m_Name
      value: Landing Pad
      objectReference: {fileID: 0}
    - target: {fileID: 7614541863953561206, guid: c85e3e4084eaf4ec98061265010c2245,
        type: 3}
      propertyPath: m_LocalPosition.x
      value: 97.4
      objectReference: {fileID: 0}
    - target: {fileID: 7614541863953561206, guid: c85e3e4084eaf4ec98061265010c2245,
        type: 3}
      propertyPath: m_LocalPosition.y
      value: 42.6
      objectReference: {fileID: 0}
    - target: {fileID: 7614541863953561206, guid: c85e3e4084eaf4ec98061265010c2245,
        type: 3}
      propertyPath: m_LocalPosition.z
      value: -2
      objectReference: {fileID: 0}
    - target: {fileID: 7614541863953561206, guid: c85e3e4084eaf4ec98061265010c2245,
        type: 3}
      propertyPath: m_LocalRotation.x
      value: 0
      objectReference: {fileID: 0}
    - target: {fileID: 7614541863953561206, guid: c85e3e4084eaf4ec98061265010c2245,
        type: 3}
      propertyPath: m_LocalRotation.y
      value: 0
      objectReference: {fileID: 0}
    - target: {fileID: 7614541863953561206, guid: c85e3e4084eaf4ec98061265010c2245,
        type: 3}
      propertyPath: m_LocalRotation.z
      value: 0
      objectReference: {fileID: 0}
    - target: {fileID: 7614541863953561206, guid: c85e3e4084eaf4ec98061265010c2245,
        type: 3}
      propertyPath: m_LocalRotation.w
      value: 1
      objectReference: {fileID: 0}
    - target: {fileID: 7614541863953561206, guid: c85e3e4084eaf4ec98061265010c2245,
        type: 3}
      propertyPath: m_RootOrder
      value: 7
      objectReference: {fileID: 0}
    - target: {fileID: 7614541863953561206, guid: c85e3e4084eaf4ec98061265010c2245,
        type: 3}
      propertyPath: m_LocalEulerAnglesHint.x
      value: 0
      objectReference: {fileID: 0}
    - target: {fileID: 7614541863953561206, guid: c85e3e4084eaf4ec98061265010c2245,
        type: 3}
      propertyPath: m_LocalEulerAnglesHint.y
      value: 0
      objectReference: {fileID: 0}
    - target: {fileID: 7614541863953561206, guid: c85e3e4084eaf4ec98061265010c2245,
        type: 3}
      propertyPath: m_LocalEulerAnglesHint.z
      value: 0
      objectReference: {fileID: 0}
    - target: {fileID: 7614541863953561206, guid: c85e3e4084eaf4ec98061265010c2245,
        type: 3}
      propertyPath: m_LocalScale.x
      value: 11.311803
      objectReference: {fileID: 0}
    - target: {fileID: 7614541863953561206, guid: c85e3e4084eaf4ec98061265010c2245,
        type: 3}
      propertyPath: m_LocalScale.y
      value: 3.677417
      objectReference: {fileID: 0}
    - target: {fileID: 7614541863953561206, guid: c85e3e4084eaf4ec98061265010c2245,
        type: 3}
      propertyPath: m_LocalScale.z
      value: 13.982645
      objectReference: {fileID: 0}
    m_RemovedComponents: []
  m_SourcePrefab: {fileID: 100100000, guid: c85e3e4084eaf4ec98061265010c2245, type: 3}
--- !u!1001 &860757201
PrefabInstance:
  m_ObjectHideFlags: 0
  serializedVersion: 2
  m_Modification:
    m_TransformParent: {fileID: 328706931}
    m_Modifications:
    - target: {fileID: 3725922257991454194, guid: 8b8f77be3d42d4f03b9ade49b4fb5160,
        type: 3}
      propertyPath: m_Name
      value: Obstacle 1 (6)
      objectReference: {fileID: 0}
    - target: {fileID: 3725922257991454194, guid: 8b8f77be3d42d4f03b9ade49b4fb5160,
        type: 3}
      propertyPath: m_TagString
      value: Untagged
      objectReference: {fileID: 0}
    - target: {fileID: 3725922257991454206, guid: 8b8f77be3d42d4f03b9ade49b4fb5160,
        type: 3}
      propertyPath: m_LocalPosition.x
      value: 122.2
      objectReference: {fileID: 0}
    - target: {fileID: 3725922257991454206, guid: 8b8f77be3d42d4f03b9ade49b4fb5160,
        type: 3}
      propertyPath: m_LocalPosition.y
      value: 11.7
      objectReference: {fileID: 0}
    - target: {fileID: 3725922257991454206, guid: 8b8f77be3d42d4f03b9ade49b4fb5160,
        type: 3}
      propertyPath: m_LocalPosition.z
      value: 40.7
      objectReference: {fileID: 0}
    - target: {fileID: 3725922257991454206, guid: 8b8f77be3d42d4f03b9ade49b4fb5160,
        type: 3}
      propertyPath: m_LocalRotation.x
      value: 0
      objectReference: {fileID: 0}
    - target: {fileID: 3725922257991454206, guid: 8b8f77be3d42d4f03b9ade49b4fb5160,
        type: 3}
      propertyPath: m_LocalRotation.y
      value: 0
      objectReference: {fileID: 0}
    - target: {fileID: 3725922257991454206, guid: 8b8f77be3d42d4f03b9ade49b4fb5160,
        type: 3}
      propertyPath: m_LocalRotation.z
      value: 0
      objectReference: {fileID: 0}
    - target: {fileID: 3725922257991454206, guid: 8b8f77be3d42d4f03b9ade49b4fb5160,
        type: 3}
      propertyPath: m_LocalRotation.w
      value: 1
      objectReference: {fileID: 0}
    - target: {fileID: 3725922257991454206, guid: 8b8f77be3d42d4f03b9ade49b4fb5160,
        type: 3}
      propertyPath: m_RootOrder
      value: 4
      objectReference: {fileID: 0}
    - target: {fileID: 3725922257991454206, guid: 8b8f77be3d42d4f03b9ade49b4fb5160,
        type: 3}
      propertyPath: m_LocalEulerAnglesHint.x
      value: 0
      objectReference: {fileID: 0}
    - target: {fileID: 3725922257991454206, guid: 8b8f77be3d42d4f03b9ade49b4fb5160,
        type: 3}
      propertyPath: m_LocalEulerAnglesHint.y
      value: 0
      objectReference: {fileID: 0}
    - target: {fileID: 3725922257991454206, guid: 8b8f77be3d42d4f03b9ade49b4fb5160,
        type: 3}
      propertyPath: m_LocalEulerAnglesHint.z
      value: 0
      objectReference: {fileID: 0}
    - target: {fileID: 3725922257991454206, guid: 8b8f77be3d42d4f03b9ade49b4fb5160,
        type: 3}
      propertyPath: m_LocalScale.x
      value: 2.2215984
      objectReference: {fileID: 0}
    - target: {fileID: 3725922257991454206, guid: 8b8f77be3d42d4f03b9ade49b4fb5160,
        type: 3}
      propertyPath: m_LocalScale.y
      value: 71.82206
      objectReference: {fileID: 0}
    - target: {fileID: 3725922257991454206, guid: 8b8f77be3d42d4f03b9ade49b4fb5160,
        type: 3}
      propertyPath: m_LocalScale.z
      value: 33.319366
      objectReference: {fileID: 0}
    m_RemovedComponents: []
  m_SourcePrefab: {fileID: 100100000, guid: 8b8f77be3d42d4f03b9ade49b4fb5160, type: 3}
--- !u!4 &860757202 stripped
Transform:
  m_CorrespondingSourceObject: {fileID: 3725922257991454206, guid: 8b8f77be3d42d4f03b9ade49b4fb5160,
    type: 3}
  m_PrefabInstance: {fileID: 860757201}
  m_PrefabAsset: {fileID: 0}
--- !u!1001 &900233195
PrefabInstance:
  m_ObjectHideFlags: 0
  serializedVersion: 2
  m_Modification:
    m_TransformParent: {fileID: 0}
    m_Modifications:
    - target: {fileID: 518819925684902238, guid: 4a8f627ff15f44b278d710cbd5333e86,
        type: 3}
      propertyPath: m_Name
      value: Launch Pad
      objectReference: {fileID: 0}
    - target: {fileID: 518819925684902226, guid: 4a8f627ff15f44b278d710cbd5333e86,
        type: 3}
      propertyPath: m_LocalPosition.x
      value: -100.7
      objectReference: {fileID: 0}
    - target: {fileID: 518819925684902226, guid: 4a8f627ff15f44b278d710cbd5333e86,
        type: 3}
      propertyPath: m_LocalPosition.y
      value: 6.5
      objectReference: {fileID: 0}
    - target: {fileID: 518819925684902226, guid: 4a8f627ff15f44b278d710cbd5333e86,
        type: 3}
      propertyPath: m_LocalPosition.z
      value: 0
      objectReference: {fileID: 0}
    - target: {fileID: 518819925684902226, guid: 4a8f627ff15f44b278d710cbd5333e86,
        type: 3}
      propertyPath: m_LocalRotation.x
      value: 0
      objectReference: {fileID: 0}
    - target: {fileID: 518819925684902226, guid: 4a8f627ff15f44b278d710cbd5333e86,
        type: 3}
      propertyPath: m_LocalRotation.y
      value: 0
      objectReference: {fileID: 0}
    - target: {fileID: 518819925684902226, guid: 4a8f627ff15f44b278d710cbd5333e86,
        type: 3}
      propertyPath: m_LocalRotation.z
      value: 0
      objectReference: {fileID: 0}
    - target: {fileID: 518819925684902226, guid: 4a8f627ff15f44b278d710cbd5333e86,
        type: 3}
      propertyPath: m_LocalRotation.w
      value: 1
      objectReference: {fileID: 0}
    - target: {fileID: 518819925684902226, guid: 4a8f627ff15f44b278d710cbd5333e86,
        type: 3}
      propertyPath: m_RootOrder
      value: 2
      objectReference: {fileID: 0}
    - target: {fileID: 518819925684902226, guid: 4a8f627ff15f44b278d710cbd5333e86,
        type: 3}
      propertyPath: m_LocalEulerAnglesHint.x
      value: 0
      objectReference: {fileID: 0}
    - target: {fileID: 518819925684902226, guid: 4a8f627ff15f44b278d710cbd5333e86,
        type: 3}
      propertyPath: m_LocalEulerAnglesHint.y
      value: 0
      objectReference: {fileID: 0}
    - target: {fileID: 518819925684902226, guid: 4a8f627ff15f44b278d710cbd5333e86,
        type: 3}
      propertyPath: m_LocalEulerAnglesHint.z
      value: 0
      objectReference: {fileID: 0}
    m_RemovedComponents: []
  m_SourcePrefab: {fileID: 100100000, guid: 4a8f627ff15f44b278d710cbd5333e86, type: 3}
--- !u!1001 &928255940
PrefabInstance:
  m_ObjectHideFlags: 0
  serializedVersion: 2
  m_Modification:
    m_TransformParent: {fileID: 0}
    m_Modifications:
    - target: {fileID: 6710041331713050005, guid: 7fc902e08b668458a93ba7f87e7ed41d,
        type: 3}
      propertyPath: m_Name
      value: Point Light (1)
      objectReference: {fileID: 0}
    - target: {fileID: 6710041331713050007, guid: 7fc902e08b668458a93ba7f87e7ed41d,
        type: 3}
      propertyPath: m_LocalPosition.x
      value: -1.1
      objectReference: {fileID: 0}
    - target: {fileID: 6710041331713050007, guid: 7fc902e08b668458a93ba7f87e7ed41d,
        type: 3}
      propertyPath: m_LocalPosition.y
      value: 27.9
      objectReference: {fileID: 0}
    - target: {fileID: 6710041331713050007, guid: 7fc902e08b668458a93ba7f87e7ed41d,
        type: 3}
      propertyPath: m_LocalPosition.z
      value: 0.32
      objectReference: {fileID: 0}
    - target: {fileID: 6710041331713050007, guid: 7fc902e08b668458a93ba7f87e7ed41d,
        type: 3}
      propertyPath: m_LocalRotation.x
      value: 0
      objectReference: {fileID: 0}
    - target: {fileID: 6710041331713050007, guid: 7fc902e08b668458a93ba7f87e7ed41d,
        type: 3}
      propertyPath: m_LocalRotation.y
      value: 0
      objectReference: {fileID: 0}
    - target: {fileID: 6710041331713050007, guid: 7fc902e08b668458a93ba7f87e7ed41d,
        type: 3}
      propertyPath: m_LocalRotation.z
      value: 0
      objectReference: {fileID: 0}
    - target: {fileID: 6710041331713050007, guid: 7fc902e08b668458a93ba7f87e7ed41d,
        type: 3}
      propertyPath: m_LocalRotation.w
      value: 1
      objectReference: {fileID: 0}
    - target: {fileID: 6710041331713050007, guid: 7fc902e08b668458a93ba7f87e7ed41d,
        type: 3}
      propertyPath: m_RootOrder
      value: 4
      objectReference: {fileID: 0}
    - target: {fileID: 6710041331713050007, guid: 7fc902e08b668458a93ba7f87e7ed41d,
        type: 3}
      propertyPath: m_LocalEulerAnglesHint.x
      value: 0
      objectReference: {fileID: 0}
    - target: {fileID: 6710041331713050007, guid: 7fc902e08b668458a93ba7f87e7ed41d,
        type: 3}
      propertyPath: m_LocalEulerAnglesHint.y
      value: 0
      objectReference: {fileID: 0}
    - target: {fileID: 6710041331713050007, guid: 7fc902e08b668458a93ba7f87e7ed41d,
        type: 3}
      propertyPath: m_LocalEulerAnglesHint.z
      value: 0
      objectReference: {fileID: 0}
    - target: {fileID: 6710041331713050006, guid: 7fc902e08b668458a93ba7f87e7ed41d,
        type: 3}
      propertyPath: m_Range
      value: 57.8
      objectReference: {fileID: 0}
    - target: {fileID: 6710041331713050006, guid: 7fc902e08b668458a93ba7f87e7ed41d,
        type: 3}
      propertyPath: m_Intensity
      value: 10
      objectReference: {fileID: 0}
    m_RemovedComponents: []
  m_SourcePrefab: {fileID: 100100000, guid: 7fc902e08b668458a93ba7f87e7ed41d, type: 3}
--- !u!1 &928255941 stripped
GameObject:
  m_CorrespondingSourceObject: {fileID: 6710041331713050005, guid: 7fc902e08b668458a93ba7f87e7ed41d,
    type: 3}
  m_PrefabInstance: {fileID: 928255940}
  m_PrefabAsset: {fileID: 0}
--- !u!82 &928255942
AudioSource:
  m_ObjectHideFlags: 0
  m_CorrespondingSourceObject: {fileID: 0}
  m_PrefabInstance: {fileID: 0}
  m_PrefabAsset: {fileID: 0}
  m_GameObject: {fileID: 928255941}
  m_Enabled: 1
  serializedVersion: 4
  OutputAudioMixerGroup: {fileID: 0}
  m_audioClip: {fileID: 8300000, guid: f60530b8d32254721a7a5e238a2d4dc0, type: 3}
  m_PlayOnAwake: 1
  m_Volume: 1
  m_Pitch: 1
  Loop: 0
  Mute: 0
  Spatialize: 0
  SpatializePostEffects: 0
  Priority: 128
  DopplerLevel: 1
  MinDistance: 1
  MaxDistance: 500
  Pan2D: 0
  rolloffMode: 0
  BypassEffects: 0
  BypassListenerEffects: 0
  BypassReverbZones: 0
  rolloffCustomCurve:
    serializedVersion: 2
    m_Curve:
    - serializedVersion: 3
      time: 0
      value: 1
      inSlope: 0
      outSlope: 0
      tangentMode: 0
      weightedMode: 0
      inWeight: 0.33333334
      outWeight: 0.33333334
    - serializedVersion: 3
      time: 1
      value: 0
      inSlope: 0
      outSlope: 0
      tangentMode: 0
      weightedMode: 0
      inWeight: 0.33333334
      outWeight: 0.33333334
    m_PreInfinity: 2
    m_PostInfinity: 2
    m_RotationOrder: 4
  panLevelCustomCurve:
    serializedVersion: 2
    m_Curve:
    - serializedVersion: 3
      time: 0
      value: 0
      inSlope: 0
      outSlope: 0
      tangentMode: 0
      weightedMode: 0
      inWeight: 0.33333334
      outWeight: 0.33333334
    m_PreInfinity: 2
    m_PostInfinity: 2
    m_RotationOrder: 4
  spreadCustomCurve:
    serializedVersion: 2
    m_Curve:
    - serializedVersion: 3
      time: 0
      value: 0
      inSlope: 0
      outSlope: 0
      tangentMode: 0
      weightedMode: 0
      inWeight: 0.33333334
      outWeight: 0.33333334
    m_PreInfinity: 2
    m_PostInfinity: 2
    m_RotationOrder: 4
  reverbZoneMixCustomCurve:
    serializedVersion: 2
    m_Curve:
    - serializedVersion: 3
      time: 0
      value: 1
      inSlope: 0
      outSlope: 0
      tangentMode: 0
      weightedMode: 0
      inWeight: 0.33333334
      outWeight: 0.33333334
    m_PreInfinity: 2
    m_PostInfinity: 2
    m_RotationOrder: 4
--- !u!1001 &945106452
PrefabInstance:
  m_ObjectHideFlags: 0
  serializedVersion: 2
  m_Modification:
    m_TransformParent: {fileID: 0}
    m_Modifications:
    - target: {fileID: 6710041331713050005, guid: 7fc902e08b668458a93ba7f87e7ed41d,
        type: 3}
      propertyPath: m_Name
      value: Point Light
      objectReference: {fileID: 0}
    - target: {fileID: 6710041331713050007, guid: 7fc902e08b668458a93ba7f87e7ed41d,
        type: 3}
      propertyPath: m_LocalPosition.x
      value: 98.8
      objectReference: {fileID: 0}
    - target: {fileID: 6710041331713050007, guid: 7fc902e08b668458a93ba7f87e7ed41d,
        type: 3}
      propertyPath: m_LocalPosition.y
      value: 48.3
      objectReference: {fileID: 0}
    - target: {fileID: 6710041331713050007, guid: 7fc902e08b668458a93ba7f87e7ed41d,
        type: 3}
      propertyPath: m_LocalPosition.z
      value: 0.4
      objectReference: {fileID: 0}
    - target: {fileID: 6710041331713050007, guid: 7fc902e08b668458a93ba7f87e7ed41d,
        type: 3}
      propertyPath: m_LocalRotation.x
      value: 0
      objectReference: {fileID: 0}
    - target: {fileID: 6710041331713050007, guid: 7fc902e08b668458a93ba7f87e7ed41d,
        type: 3}
      propertyPath: m_LocalRotation.y
      value: 0
      objectReference: {fileID: 0}
    - target: {fileID: 6710041331713050007, guid: 7fc902e08b668458a93ba7f87e7ed41d,
        type: 3}
      propertyPath: m_LocalRotation.z
      value: 0
      objectReference: {fileID: 0}
    - target: {fileID: 6710041331713050007, guid: 7fc902e08b668458a93ba7f87e7ed41d,
        type: 3}
      propertyPath: m_LocalRotation.w
      value: 1
      objectReference: {fileID: 0}
    - target: {fileID: 6710041331713050007, guid: 7fc902e08b668458a93ba7f87e7ed41d,
        type: 3}
      propertyPath: m_RootOrder
      value: 6
      objectReference: {fileID: 0}
    - target: {fileID: 6710041331713050007, guid: 7fc902e08b668458a93ba7f87e7ed41d,
        type: 3}
      propertyPath: m_LocalEulerAnglesHint.x
      value: 0
      objectReference: {fileID: 0}
    - target: {fileID: 6710041331713050007, guid: 7fc902e08b668458a93ba7f87e7ed41d,
        type: 3}
      propertyPath: m_LocalEulerAnglesHint.y
      value: 0
      objectReference: {fileID: 0}
    - target: {fileID: 6710041331713050007, guid: 7fc902e08b668458a93ba7f87e7ed41d,
        type: 3}
      propertyPath: m_LocalEulerAnglesHint.z
      value: 0
      objectReference: {fileID: 0}
    m_RemovedComponents: []
  m_SourcePrefab: {fileID: 100100000, guid: 7fc902e08b668458a93ba7f87e7ed41d, type: 3}
--- !u!1001 &977901357
PrefabInstance:
  m_ObjectHideFlags: 0
  serializedVersion: 2
  m_Modification:
    m_TransformParent: {fileID: 0}
    m_Modifications:
    - target: {fileID: 2043038605460245202, guid: 9fb030de2ca944aa19b74baf0526a908,
        type: 3}
      propertyPath: m_Name
      value: Main Camera
      objectReference: {fileID: 0}
    - target: {fileID: 2043038605460245207, guid: 9fb030de2ca944aa19b74baf0526a908,
        type: 3}
      propertyPath: m_LocalPosition.x
      value: -1.53
      objectReference: {fileID: 0}
    - target: {fileID: 2043038605460245207, guid: 9fb030de2ca944aa19b74baf0526a908,
        type: 3}
      propertyPath: m_LocalPosition.y
      value: 54.87
      objectReference: {fileID: 0}
    - target: {fileID: 2043038605460245207, guid: 9fb030de2ca944aa19b74baf0526a908,
        type: 3}
      propertyPath: m_LocalPosition.z
      value: -124.89
      objectReference: {fileID: 0}
    - target: {fileID: 2043038605460245207, guid: 9fb030de2ca944aa19b74baf0526a908,
        type: 3}
      propertyPath: m_LocalRotation.x
      value: -0.0077538113
      objectReference: {fileID: 0}
    - target: {fileID: 2043038605460245207, guid: 9fb030de2ca944aa19b74baf0526a908,
        type: 3}
      propertyPath: m_LocalRotation.y
      value: 0.008477106
      objectReference: {fileID: 0}
    - target: {fileID: 2043038605460245207, guid: 9fb030de2ca944aa19b74baf0526a908,
        type: 3}
      propertyPath: m_LocalRotation.z
      value: 0.006713436
      objectReference: {fileID: 0}
    - target: {fileID: 2043038605460245207, guid: 9fb030de2ca944aa19b74baf0526a908,
        type: 3}
      propertyPath: m_LocalRotation.w
      value: 0.9999115
      objectReference: {fileID: 0}
    - target: {fileID: 2043038605460245207, guid: 9fb030de2ca944aa19b74baf0526a908,
        type: 3}
      propertyPath: m_RootOrder
      value: 0
      objectReference: {fileID: 0}
    - target: {fileID: 2043038605460245207, guid: 9fb030de2ca944aa19b74baf0526a908,
        type: 3}
      propertyPath: m_LocalEulerAnglesHint.x
      value: -0.89500004
      objectReference: {fileID: 0}
    - target: {fileID: 2043038605460245207, guid: 9fb030de2ca944aa19b74baf0526a908,
        type: 3}
      propertyPath: m_LocalEulerAnglesHint.y
      value: 0.966
      objectReference: {fileID: 0}
    - target: {fileID: 2043038605460245207, guid: 9fb030de2ca944aa19b74baf0526a908,
        type: 3}
      propertyPath: m_LocalEulerAnglesHint.z
      value: 0.762
      objectReference: {fileID: 0}
    - target: {fileID: 2043038605460245207, guid: 9fb030de2ca944aa19b74baf0526a908,
        type: 3}
      propertyPath: m_LocalScale.x
      value: 1
      objectReference: {fileID: 0}
    - target: {fileID: 2043038605460245207, guid: 9fb030de2ca944aa19b74baf0526a908,
        type: 3}
      propertyPath: m_LocalScale.y
      value: 1
      objectReference: {fileID: 0}
    - target: {fileID: 2043038605460245207, guid: 9fb030de2ca944aa19b74baf0526a908,
        type: 3}
      propertyPath: m_LocalScale.z
      value: 1
      objectReference: {fileID: 0}
    m_RemovedComponents: []
  m_SourcePrefab: {fileID: 100100000, guid: 9fb030de2ca944aa19b74baf0526a908, type: 3}
--- !u!1001 &1022006264
PrefabInstance:
  m_ObjectHideFlags: 0
  serializedVersion: 2
  m_Modification:
    m_TransformParent: {fileID: 0}
    m_Modifications:
    - target: {fileID: 944031851353780448, guid: 1ef026cc9ef6243ecba5c60de901b5f1,
        type: 3}
      propertyPath: m_Name
      value: Oscilating Obstacle (9)
      objectReference: {fileID: 0}
    - target: {fileID: 944031851353780460, guid: 1ef026cc9ef6243ecba5c60de901b5f1,
        type: 3}
      propertyPath: m_LocalPosition.x
      value: -28.5
      objectReference: {fileID: 0}
    - target: {fileID: 944031851353780460, guid: 1ef026cc9ef6243ecba5c60de901b5f1,
        type: 3}
      propertyPath: m_LocalPosition.y
      value: 96.9
      objectReference: {fileID: 0}
    - target: {fileID: 944031851353780460, guid: 1ef026cc9ef6243ecba5c60de901b5f1,
        type: 3}
      propertyPath: m_LocalPosition.z
      value: 0
      objectReference: {fileID: 0}
    - target: {fileID: 944031851353780460, guid: 1ef026cc9ef6243ecba5c60de901b5f1,
        type: 3}
      propertyPath: m_LocalRotation.x
      value: 0
      objectReference: {fileID: 0}
    - target: {fileID: 944031851353780460, guid: 1ef026cc9ef6243ecba5c60de901b5f1,
        type: 3}
      propertyPath: m_LocalRotation.y
      value: 0
      objectReference: {fileID: 0}
    - target: {fileID: 944031851353780460, guid: 1ef026cc9ef6243ecba5c60de901b5f1,
        type: 3}
      propertyPath: m_LocalRotation.z
      value: 0
      objectReference: {fileID: 0}
    - target: {fileID: 944031851353780460, guid: 1ef026cc9ef6243ecba5c60de901b5f1,
        type: 3}
      propertyPath: m_LocalRotation.w
      value: 1
      objectReference: {fileID: 0}
    - target: {fileID: 944031851353780460, guid: 1ef026cc9ef6243ecba5c60de901b5f1,
        type: 3}
      propertyPath: m_RootOrder
      value: 18
      objectReference: {fileID: 0}
    - target: {fileID: 944031851353780460, guid: 1ef026cc9ef6243ecba5c60de901b5f1,
        type: 3}
      propertyPath: m_LocalEulerAnglesHint.x
      value: 0
      objectReference: {fileID: 0}
    - target: {fileID: 944031851353780460, guid: 1ef026cc9ef6243ecba5c60de901b5f1,
        type: 3}
      propertyPath: m_LocalEulerAnglesHint.y
      value: 0
      objectReference: {fileID: 0}
    - target: {fileID: 944031851353780460, guid: 1ef026cc9ef6243ecba5c60de901b5f1,
        type: 3}
      propertyPath: m_LocalEulerAnglesHint.z
      value: 0
      objectReference: {fileID: 0}
    - target: {fileID: 944031851353780460, guid: 1ef026cc9ef6243ecba5c60de901b5f1,
        type: 3}
      propertyPath: m_LocalScale.x
      value: 1
      objectReference: {fileID: 0}
    - target: {fileID: 944031851353780460, guid: 1ef026cc9ef6243ecba5c60de901b5f1,
        type: 3}
      propertyPath: m_LocalScale.y
      value: 47.82134
      objectReference: {fileID: 0}
    - target: {fileID: 944031851353780460, guid: 1ef026cc9ef6243ecba5c60de901b5f1,
        type: 3}
      propertyPath: m_LocalScale.z
      value: 27.764896
      objectReference: {fileID: 0}
    - target: {fileID: 4516263227184295880, guid: 1ef026cc9ef6243ecba5c60de901b5f1,
        type: 3}
      propertyPath: movementVector.y
      value: -200
      objectReference: {fileID: 0}
    - target: {fileID: 4516263227184295880, guid: 1ef026cc9ef6243ecba5c60de901b5f1,
        type: 3}
      propertyPath: period
      value: 6
      objectReference: {fileID: 0}
    - target: {fileID: 4516263227184295880, guid: 1ef026cc9ef6243ecba5c60de901b5f1,
        type: 3}
      propertyPath: movementVector.x
      value: 0
      objectReference: {fileID: 0}
    m_RemovedComponents: []
  m_SourcePrefab: {fileID: 100100000, guid: 1ef026cc9ef6243ecba5c60de901b5f1, type: 3}
--- !u!1001 &1031643859
PrefabInstance:
  m_ObjectHideFlags: 0
  serializedVersion: 2
  m_Modification:
    m_TransformParent: {fileID: 328706931}
    m_Modifications:
    - target: {fileID: 3725922257991454194, guid: 8b8f77be3d42d4f03b9ade49b4fb5160,
        type: 3}
      propertyPath: m_Name
      value: Obstacle 1 (2)
      objectReference: {fileID: 0}
    - target: {fileID: 3725922257991454194, guid: 8b8f77be3d42d4f03b9ade49b4fb5160,
        type: 3}
      propertyPath: m_TagString
      value: Untagged
      objectReference: {fileID: 0}
    - target: {fileID: 3725922257991454206, guid: 8b8f77be3d42d4f03b9ade49b4fb5160,
        type: 3}
      propertyPath: m_LocalPosition.x
      value: 8
      objectReference: {fileID: 0}
    - target: {fileID: 3725922257991454206, guid: 8b8f77be3d42d4f03b9ade49b4fb5160,
        type: 3}
      propertyPath: m_LocalPosition.y
      value: 64.4
      objectReference: {fileID: 0}
    - target: {fileID: 3725922257991454206, guid: 8b8f77be3d42d4f03b9ade49b4fb5160,
        type: 3}
      propertyPath: m_LocalPosition.z
      value: 85.5
      objectReference: {fileID: 0}
    - target: {fileID: 3725922257991454206, guid: 8b8f77be3d42d4f03b9ade49b4fb5160,
        type: 3}
      propertyPath: m_LocalRotation.x
      value: 0.0024883205
      objectReference: {fileID: 0}
    - target: {fileID: 3725922257991454206, guid: 8b8f77be3d42d4f03b9ade49b4fb5160,
        type: 3}
      propertyPath: m_LocalRotation.y
      value: -0.002743062
      objectReference: {fileID: 0}
    - target: {fileID: 3725922257991454206, guid: 8b8f77be3d42d4f03b9ade49b4fb5160,
        type: 3}
      propertyPath: m_LocalRotation.z
      value: -0.7033265
      objectReference: {fileID: 0}
    - target: {fileID: 3725922257991454206, guid: 8b8f77be3d42d4f03b9ade49b4fb5160,
        type: 3}
      propertyPath: m_LocalRotation.w
      value: 0.7108574
      objectReference: {fileID: 0}
    - target: {fileID: 3725922257991454206, guid: 8b8f77be3d42d4f03b9ade49b4fb5160,
        type: 3}
      propertyPath: m_RootOrder
      value: 1
      objectReference: {fileID: 0}
    - target: {fileID: 3725922257991454206, guid: 8b8f77be3d42d4f03b9ade49b4fb5160,
        type: 3}
      propertyPath: m_LocalEulerAnglesHint.x
      value: -0.018000001
      objectReference: {fileID: 0}
    - target: {fileID: 3725922257991454206, guid: 8b8f77be3d42d4f03b9ade49b4fb5160,
        type: 3}
      propertyPath: m_LocalEulerAnglesHint.y
      value: -0.42400002
      objectReference: {fileID: 0}
    - target: {fileID: 3725922257991454206, guid: 8b8f77be3d42d4f03b9ade49b4fb5160,
        type: 3}
      propertyPath: m_LocalEulerAnglesHint.z
      value: -89.39001
      objectReference: {fileID: 0}
    - target: {fileID: 3725922257991454206, guid: 8b8f77be3d42d4f03b9ade49b4fb5160,
        type: 3}
      propertyPath: m_LocalScale.x
      value: 2.2215989
      objectReference: {fileID: 0}
    - target: {fileID: 3725922257991454206, guid: 8b8f77be3d42d4f03b9ade49b4fb5160,
        type: 3}
      propertyPath: m_LocalScale.y
      value: 277.3975
      objectReference: {fileID: 0}
    - target: {fileID: 3725922257991454206, guid: 8b8f77be3d42d4f03b9ade49b4fb5160,
        type: 3}
      propertyPath: m_LocalScale.z
      value: 30.495008
      objectReference: {fileID: 0}
    m_RemovedComponents: []
  m_SourcePrefab: {fileID: 100100000, guid: 8b8f77be3d42d4f03b9ade49b4fb5160, type: 3}
--- !u!4 &1031643860 stripped
Transform:
  m_CorrespondingSourceObject: {fileID: 3725922257991454206, guid: 8b8f77be3d42d4f03b9ade49b4fb5160,
    type: 3}
  m_PrefabInstance: {fileID: 1031643859}
  m_PrefabAsset: {fileID: 0}
--- !u!1001 &1032179587
PrefabInstance:
  m_ObjectHideFlags: 0
  serializedVersion: 2
  m_Modification:
    m_TransformParent: {fileID: 328706931}
    m_Modifications:
    - target: {fileID: 3725922257991454194, guid: 8b8f77be3d42d4f03b9ade49b4fb5160,
        type: 3}
      propertyPath: m_Name
      value: Obstacle 1 (4)
      objectReference: {fileID: 0}
    - target: {fileID: 3725922257991454194, guid: 8b8f77be3d42d4f03b9ade49b4fb5160,
        type: 3}
      propertyPath: m_TagString
      value: Untagged
      objectReference: {fileID: 0}
    - target: {fileID: 3725922257991454206, guid: 8b8f77be3d42d4f03b9ade49b4fb5160,
        type: 3}
      propertyPath: m_LocalPosition.x
      value: -109.9
      objectReference: {fileID: 0}
    - target: {fileID: 3725922257991454206, guid: 8b8f77be3d42d4f03b9ade49b4fb5160,
        type: 3}
      propertyPath: m_LocalPosition.y
      value: 23.5
      objectReference: {fileID: 0}
    - target: {fileID: 3725922257991454206, guid: 8b8f77be3d42d4f03b9ade49b4fb5160,
        type: 3}
      propertyPath: m_LocalPosition.z
      value: 78.6
      objectReference: {fileID: 0}
    - target: {fileID: 3725922257991454206, guid: 8b8f77be3d42d4f03b9ade49b4fb5160,
        type: 3}
      propertyPath: m_LocalRotation.x
      value: 0.00024966119
      objectReference: {fileID: 0}
    - target: {fileID: 3725922257991454206, guid: 8b8f77be3d42d4f03b9ade49b4fb5160,
        type: 3}
      propertyPath: m_LocalRotation.y
      value: -0.27761212
      objectReference: {fileID: 0}
    - target: {fileID: 3725922257991454206, guid: 8b8f77be3d42d4f03b9ade49b4fb5160,
        type: 3}
      propertyPath: m_LocalRotation.z
      value: -0.13419642
      objectReference: {fileID: 0}
    - target: {fileID: 3725922257991454206, guid: 8b8f77be3d42d4f03b9ade49b4fb5160,
        type: 3}
      propertyPath: m_LocalRotation.w
      value: 0.95127434
      objectReference: {fileID: 0}
    - target: {fileID: 3725922257991454206, guid: 8b8f77be3d42d4f03b9ade49b4fb5160,
        type: 3}
      propertyPath: m_RootOrder
      value: 3
      objectReference: {fileID: 0}
    - target: {fileID: 3725922257991454206, guid: 8b8f77be3d42d4f03b9ade49b4fb5160,
        type: 3}
      propertyPath: m_LocalEulerAnglesHint.x
      value: -4.2460003
      objectReference: {fileID: 0}
    - target: {fileID: 3725922257991454206, guid: 8b8f77be3d42d4f03b9ade49b4fb5160,
        type: 3}
      propertyPath: m_LocalEulerAnglesHint.y
      value: -31.985
      objectReference: {fileID: 0}
    - target: {fileID: 3725922257991454206, guid: 8b8f77be3d42d4f03b9ade49b4fb5160,
        type: 3}
      propertyPath: m_LocalEulerAnglesHint.z
      value: -14.842001
      objectReference: {fileID: 0}
    - target: {fileID: 3725922257991454206, guid: 8b8f77be3d42d4f03b9ade49b4fb5160,
        type: 3}
      propertyPath: m_LocalScale.x
      value: 2.221598
      objectReference: {fileID: 0}
    - target: {fileID: 3725922257991454206, guid: 8b8f77be3d42d4f03b9ade49b4fb5160,
        type: 3}
      propertyPath: m_LocalScale.y
      value: 48.364918
      objectReference: {fileID: 0}
    - target: {fileID: 3725922257991454206, guid: 8b8f77be3d42d4f03b9ade49b4fb5160,
        type: 3}
      propertyPath: m_LocalScale.z
      value: 32.186413
      objectReference: {fileID: 0}
    m_RemovedComponents: []
  m_SourcePrefab: {fileID: 100100000, guid: 8b8f77be3d42d4f03b9ade49b4fb5160, type: 3}
--- !u!4 &1032179588 stripped
Transform:
  m_CorrespondingSourceObject: {fileID: 3725922257991454206, guid: 8b8f77be3d42d4f03b9ade49b4fb5160,
    type: 3}
  m_PrefabInstance: {fileID: 1032179587}
  m_PrefabAsset: {fileID: 0}
--- !u!1001 &1161077616
PrefabInstance:
  m_ObjectHideFlags: 0
  serializedVersion: 2
  m_Modification:
    m_TransformParent: {fileID: 0}
    m_Modifications:
    - target: {fileID: 5065049524534348667, guid: f7ec7923b371e412aa8e486e4a80df5c,
        type: 3}
      propertyPath: m_Name
      value: Rocket Ship
      objectReference: {fileID: 0}
    - target: {fileID: 5065049524534348671, guid: f7ec7923b371e412aa8e486e4a80df5c,
        type: 3}
      propertyPath: m_LocalPosition.x
      value: -100.7
      objectReference: {fileID: 0}
    - target: {fileID: 5065049524534348671, guid: f7ec7923b371e412aa8e486e4a80df5c,
        type: 3}
      propertyPath: m_LocalPosition.y
      value: 9.7
      objectReference: {fileID: 0}
    - target: {fileID: 5065049524534348671, guid: f7ec7923b371e412aa8e486e4a80df5c,
        type: 3}
      propertyPath: m_LocalPosition.z
      value: 0
      objectReference: {fileID: 0}
    - target: {fileID: 5065049524534348671, guid: f7ec7923b371e412aa8e486e4a80df5c,
        type: 3}
      propertyPath: m_LocalRotation.x
      value: 0
      objectReference: {fileID: 0}
    - target: {fileID: 5065049524534348671, guid: f7ec7923b371e412aa8e486e4a80df5c,
        type: 3}
      propertyPath: m_LocalRotation.y
      value: 0
      objectReference: {fileID: 0}
    - target: {fileID: 5065049524534348671, guid: f7ec7923b371e412aa8e486e4a80df5c,
        type: 3}
      propertyPath: m_LocalRotation.z
      value: 0
      objectReference: {fileID: 0}
    - target: {fileID: 5065049524534348671, guid: f7ec7923b371e412aa8e486e4a80df5c,
        type: 3}
      propertyPath: m_LocalRotation.w
      value: 1
      objectReference: {fileID: 0}
    - target: {fileID: 5065049524534348671, guid: f7ec7923b371e412aa8e486e4a80df5c,
        type: 3}
      propertyPath: m_RootOrder
      value: 5
      objectReference: {fileID: 0}
    - target: {fileID: 5065049524534348671, guid: f7ec7923b371e412aa8e486e4a80df5c,
        type: 3}
      propertyPath: m_LocalEulerAnglesHint.x
      value: 0
      objectReference: {fileID: 0}
    - target: {fileID: 5065049524534348671, guid: f7ec7923b371e412aa8e486e4a80df5c,
        type: 3}
      propertyPath: m_LocalEulerAnglesHint.y
      value: 0
      objectReference: {fileID: 0}
    - target: {fileID: 5065049524534348671, guid: f7ec7923b371e412aa8e486e4a80df5c,
        type: 3}
      propertyPath: m_LocalEulerAnglesHint.z
      value: 0
      objectReference: {fileID: 0}
    m_RemovedComponents: []
  m_SourcePrefab: {fileID: 100100000, guid: f7ec7923b371e412aa8e486e4a80df5c, type: 3}
--- !u!1001 &1249854312
PrefabInstance:
  m_ObjectHideFlags: 0
  serializedVersion: 2
  m_Modification:
    m_TransformParent: {fileID: 0}
    m_Modifications:
    - target: {fileID: 3139607318272231496, guid: a54fff22f72004ed1b2b09d66439ebf8,
        type: 3}
      propertyPath: m_Name
      value: Directional Light
      objectReference: {fileID: 0}
    - target: {fileID: 3139607318272231498, guid: a54fff22f72004ed1b2b09d66439ebf8,
        type: 3}
      propertyPath: m_LocalPosition.x
      value: -5.27
      objectReference: {fileID: 0}
    - target: {fileID: 3139607318272231498, guid: a54fff22f72004ed1b2b09d66439ebf8,
        type: 3}
      propertyPath: m_LocalPosition.y
      value: 23.67
      objectReference: {fileID: 0}
    - target: {fileID: 3139607318272231498, guid: a54fff22f72004ed1b2b09d66439ebf8,
        type: 3}
      propertyPath: m_LocalPosition.z
      value: 41.6
      objectReference: {fileID: 0}
    - target: {fileID: 3139607318272231498, guid: a54fff22f72004ed1b2b09d66439ebf8,
        type: 3}
      propertyPath: m_LocalRotation.x
      value: 0.40821788
      objectReference: {fileID: 0}
    - target: {fileID: 3139607318272231498, guid: a54fff22f72004ed1b2b09d66439ebf8,
        type: 3}
      propertyPath: m_LocalRotation.y
      value: -0.23456968
      objectReference: {fileID: 0}
    - target: {fileID: 3139607318272231498, guid: a54fff22f72004ed1b2b09d66439ebf8,
        type: 3}
      propertyPath: m_LocalRotation.z
      value: 0.10938163
      objectReference: {fileID: 0}
    - target: {fileID: 3139607318272231498, guid: a54fff22f72004ed1b2b09d66439ebf8,
        type: 3}
      propertyPath: m_LocalRotation.w
      value: 0.8754261
      objectReference: {fileID: 0}
    - target: {fileID: 3139607318272231498, guid: a54fff22f72004ed1b2b09d66439ebf8,
        type: 3}
      propertyPath: m_RootOrder
      value: 1
      objectReference: {fileID: 0}
    - target: {fileID: 3139607318272231498, guid: a54fff22f72004ed1b2b09d66439ebf8,
        type: 3}
      propertyPath: m_LocalEulerAnglesHint.x
      value: 50
      objectReference: {fileID: 0}
    - target: {fileID: 3139607318272231498, guid: a54fff22f72004ed1b2b09d66439ebf8,
        type: 3}
      propertyPath: m_LocalEulerAnglesHint.y
      value: -30
      objectReference: {fileID: 0}
    - target: {fileID: 3139607318272231498, guid: a54fff22f72004ed1b2b09d66439ebf8,
        type: 3}
      propertyPath: m_LocalEulerAnglesHint.z
      value: 0
      objectReference: {fileID: 0}
    m_RemovedComponents: []
  m_SourcePrefab: {fileID: 100100000, guid: a54fff22f72004ed1b2b09d66439ebf8, type: 3}
--- !u!1001 &1441698153
PrefabInstance:
  m_ObjectHideFlags: 0
  serializedVersion: 2
  m_Modification:
    m_TransformParent: {fileID: 0}
    m_Modifications:
    - target: {fileID: 944031851353780448, guid: 1ef026cc9ef6243ecba5c60de901b5f1,
        type: 3}
      propertyPath: m_Name
      value: Oscilating Obstacle (8)
      objectReference: {fileID: 0}
    - target: {fileID: 944031851353780460, guid: 1ef026cc9ef6243ecba5c60de901b5f1,
        type: 3}
      propertyPath: m_LocalPosition.x
      value: 82.9
      objectReference: {fileID: 0}
    - target: {fileID: 944031851353780460, guid: 1ef026cc9ef6243ecba5c60de901b5f1,
        type: 3}
      propertyPath: m_LocalPosition.y
      value: 93.5
      objectReference: {fileID: 0}
    - target: {fileID: 944031851353780460, guid: 1ef026cc9ef6243ecba5c60de901b5f1,
        type: 3}
      propertyPath: m_LocalPosition.z
      value: 0
      objectReference: {fileID: 0}
    - target: {fileID: 944031851353780460, guid: 1ef026cc9ef6243ecba5c60de901b5f1,
        type: 3}
      propertyPath: m_LocalRotation.x
      value: 0
      objectReference: {fileID: 0}
    - target: {fileID: 944031851353780460, guid: 1ef026cc9ef6243ecba5c60de901b5f1,
        type: 3}
      propertyPath: m_LocalRotation.y
      value: 0
      objectReference: {fileID: 0}
    - target: {fileID: 944031851353780460, guid: 1ef026cc9ef6243ecba5c60de901b5f1,
        type: 3}
      propertyPath: m_LocalRotation.z
      value: 0
      objectReference: {fileID: 0}
    - target: {fileID: 944031851353780460, guid: 1ef026cc9ef6243ecba5c60de901b5f1,
        type: 3}
      propertyPath: m_LocalRotation.w
      value: 1
      objectReference: {fileID: 0}
    - target: {fileID: 944031851353780460, guid: 1ef026cc9ef6243ecba5c60de901b5f1,
        type: 3}
      propertyPath: m_RootOrder
      value: 17
      objectReference: {fileID: 0}
    - target: {fileID: 944031851353780460, guid: 1ef026cc9ef6243ecba5c60de901b5f1,
        type: 3}
      propertyPath: m_LocalEulerAnglesHint.x
      value: 0
      objectReference: {fileID: 0}
    - target: {fileID: 944031851353780460, guid: 1ef026cc9ef6243ecba5c60de901b5f1,
        type: 3}
      propertyPath: m_LocalEulerAnglesHint.y
      value: 0
      objectReference: {fileID: 0}
    - target: {fileID: 944031851353780460, guid: 1ef026cc9ef6243ecba5c60de901b5f1,
        type: 3}
      propertyPath: m_LocalEulerAnglesHint.z
      value: 0
      objectReference: {fileID: 0}
    - target: {fileID: 944031851353780460, guid: 1ef026cc9ef6243ecba5c60de901b5f1,
        type: 3}
      propertyPath: m_LocalScale.x
      value: 1
      objectReference: {fileID: 0}
    - target: {fileID: 944031851353780460, guid: 1ef026cc9ef6243ecba5c60de901b5f1,
        type: 3}
      propertyPath: m_LocalScale.y
      value: 47.82134
      objectReference: {fileID: 0}
    - target: {fileID: 944031851353780460, guid: 1ef026cc9ef6243ecba5c60de901b5f1,
        type: 3}
      propertyPath: m_LocalScale.z
      value: 27.764896
      objectReference: {fileID: 0}
    - target: {fileID: 4516263227184295880, guid: 1ef026cc9ef6243ecba5c60de901b5f1,
        type: 3}
      propertyPath: movementVector.y
      value: -200
      objectReference: {fileID: 0}
    - target: {fileID: 4516263227184295880, guid: 1ef026cc9ef6243ecba5c60de901b5f1,
        type: 3}
      propertyPath: period
      value: 5
      objectReference: {fileID: 0}
    - target: {fileID: 4516263227184295880, guid: 1ef026cc9ef6243ecba5c60de901b5f1,
        type: 3}
      propertyPath: movementVector.x
      value: 0
      objectReference: {fileID: 0}
    m_RemovedComponents: []
  m_SourcePrefab: {fileID: 100100000, guid: 1ef026cc9ef6243ecba5c60de901b5f1, type: 3}
--- !u!1001 &1462234178
PrefabInstance:
  m_ObjectHideFlags: 0
  serializedVersion: 2
  m_Modification:
    m_TransformParent: {fileID: 0}
    m_Modifications:
    - target: {fileID: 944031851353780448, guid: 1ef026cc9ef6243ecba5c60de901b5f1,
        type: 3}
      propertyPath: m_Name
      value: Oscilating Obstacle (7)
      objectReference: {fileID: 0}
    - target: {fileID: 944031851353780460, guid: 1ef026cc9ef6243ecba5c60de901b5f1,
        type: 3}
      propertyPath: m_LocalPosition.x
      value: 21.9
      objectReference: {fileID: 0}
    - target: {fileID: 944031851353780460, guid: 1ef026cc9ef6243ecba5c60de901b5f1,
        type: 3}
      propertyPath: m_LocalPosition.y
      value: 94.8
      objectReference: {fileID: 0}
    - target: {fileID: 944031851353780460, guid: 1ef026cc9ef6243ecba5c60de901b5f1,
        type: 3}
      propertyPath: m_LocalPosition.z
      value: 0
      objectReference: {fileID: 0}
    - target: {fileID: 944031851353780460, guid: 1ef026cc9ef6243ecba5c60de901b5f1,
        type: 3}
      propertyPath: m_LocalRotation.x
      value: 0
      objectReference: {fileID: 0}
    - target: {fileID: 944031851353780460, guid: 1ef026cc9ef6243ecba5c60de901b5f1,
        type: 3}
      propertyPath: m_LocalRotation.y
      value: 0
      objectReference: {fileID: 0}
    - target: {fileID: 944031851353780460, guid: 1ef026cc9ef6243ecba5c60de901b5f1,
        type: 3}
      propertyPath: m_LocalRotation.z
      value: 0
      objectReference: {fileID: 0}
    - target: {fileID: 944031851353780460, guid: 1ef026cc9ef6243ecba5c60de901b5f1,
        type: 3}
      propertyPath: m_LocalRotation.w
      value: 1
      objectReference: {fileID: 0}
    - target: {fileID: 944031851353780460, guid: 1ef026cc9ef6243ecba5c60de901b5f1,
        type: 3}
      propertyPath: m_RootOrder
      value: 16
      objectReference: {fileID: 0}
    - target: {fileID: 944031851353780460, guid: 1ef026cc9ef6243ecba5c60de901b5f1,
        type: 3}
      propertyPath: m_LocalEulerAnglesHint.x
      value: 0
      objectReference: {fileID: 0}
    - target: {fileID: 944031851353780460, guid: 1ef026cc9ef6243ecba5c60de901b5f1,
        type: 3}
      propertyPath: m_LocalEulerAnglesHint.y
      value: 0
      objectReference: {fileID: 0}
    - target: {fileID: 944031851353780460, guid: 1ef026cc9ef6243ecba5c60de901b5f1,
        type: 3}
      propertyPath: m_LocalEulerAnglesHint.z
      value: 0
      objectReference: {fileID: 0}
    - target: {fileID: 944031851353780460, guid: 1ef026cc9ef6243ecba5c60de901b5f1,
        type: 3}
      propertyPath: m_LocalScale.x
      value: 1
      objectReference: {fileID: 0}
    - target: {fileID: 944031851353780460, guid: 1ef026cc9ef6243ecba5c60de901b5f1,
        type: 3}
      propertyPath: m_LocalScale.y
      value: 47.82134
      objectReference: {fileID: 0}
    - target: {fileID: 944031851353780460, guid: 1ef026cc9ef6243ecba5c60de901b5f1,
        type: 3}
      propertyPath: m_LocalScale.z
      value: 27.764896
      objectReference: {fileID: 0}
    - target: {fileID: 4516263227184295880, guid: 1ef026cc9ef6243ecba5c60de901b5f1,
        type: 3}
      propertyPath: movementVector.y
      value: -200
      objectReference: {fileID: 0}
    - target: {fileID: 4516263227184295880, guid: 1ef026cc9ef6243ecba5c60de901b5f1,
        type: 3}
      propertyPath: period
      value: 7
      objectReference: {fileID: 0}
    - target: {fileID: 4516263227184295880, guid: 1ef026cc9ef6243ecba5c60de901b5f1,
        type: 3}
      propertyPath: movementVector.x
      value: 0
      objectReference: {fileID: 0}
    m_RemovedComponents: []
  m_SourcePrefab: {fileID: 100100000, guid: 1ef026cc9ef6243ecba5c60de901b5f1, type: 3}
--- !u!1001 &1516052066
PrefabInstance:
  m_ObjectHideFlags: 0
  serializedVersion: 2
  m_Modification:
    m_TransformParent: {fileID: 328706931}
    m_Modifications:
    - target: {fileID: 3725922257991454194, guid: 8b8f77be3d42d4f03b9ade49b4fb5160,
        type: 3}
      propertyPath: m_Name
      value: Obstacle 1 (3)
      objectReference: {fileID: 0}
    - target: {fileID: 3725922257991454194, guid: 8b8f77be3d42d4f03b9ade49b4fb5160,
        type: 3}
      propertyPath: m_TagString
      value: Untagged
      objectReference: {fileID: 0}
    - target: {fileID: 3725922257991454206, guid: 8b8f77be3d42d4f03b9ade49b4fb5160,
        type: 3}
      propertyPath: m_LocalPosition.x
      value: 6.2
      objectReference: {fileID: 0}
    - target: {fileID: 3725922257991454206, guid: 8b8f77be3d42d4f03b9ade49b4fb5160,
        type: 3}
      propertyPath: m_LocalPosition.y
      value: 46.3
      objectReference: {fileID: 0}
    - target: {fileID: 3725922257991454206, guid: 8b8f77be3d42d4f03b9ade49b4fb5160,
        type: 3}
      propertyPath: m_LocalPosition.z
      value: 38.7
      objectReference: {fileID: 0}
    - target: {fileID: 3725922257991454206, guid: 8b8f77be3d42d4f03b9ade49b4fb5160,
        type: 3}
      propertyPath: m_LocalRotation.x
      value: 0
      objectReference: {fileID: 0}
    - target: {fileID: 3725922257991454206, guid: 8b8f77be3d42d4f03b9ade49b4fb5160,
        type: 3}
      propertyPath: m_LocalRotation.y
      value: 0
      objectReference: {fileID: 0}
    - target: {fileID: 3725922257991454206, guid: 8b8f77be3d42d4f03b9ade49b4fb5160,
        type: 3}
      propertyPath: m_LocalRotation.z
      value: 0.7071068
      objectReference: {fileID: 0}
    - target: {fileID: 3725922257991454206, guid: 8b8f77be3d42d4f03b9ade49b4fb5160,
        type: 3}
      propertyPath: m_LocalRotation.w
      value: 0.7071068
      objectReference: {fileID: 0}
    - target: {fileID: 3725922257991454206, guid: 8b8f77be3d42d4f03b9ade49b4fb5160,
        type: 3}
      propertyPath: m_RootOrder
      value: 2
      objectReference: {fileID: 0}
    - target: {fileID: 3725922257991454206, guid: 8b8f77be3d42d4f03b9ade49b4fb5160,
        type: 3}
      propertyPath: m_LocalEulerAnglesHint.x
      value: 0
      objectReference: {fileID: 0}
    - target: {fileID: 3725922257991454206, guid: 8b8f77be3d42d4f03b9ade49b4fb5160,
        type: 3}
      propertyPath: m_LocalEulerAnglesHint.y
      value: 0
      objectReference: {fileID: 0}
    - target: {fileID: 3725922257991454206, guid: 8b8f77be3d42d4f03b9ade49b4fb5160,
        type: 3}
      propertyPath: m_LocalEulerAnglesHint.z
      value: 90
      objectReference: {fileID: 0}
    - target: {fileID: 3725922257991454206, guid: 8b8f77be3d42d4f03b9ade49b4fb5160,
        type: 3}
      propertyPath: m_LocalScale.x
      value: 1.152498
      objectReference: {fileID: 0}
    - target: {fileID: 3725922257991454206, guid: 8b8f77be3d42d4f03b9ade49b4fb5160,
        type: 3}
      propertyPath: m_LocalScale.y
      value: 235.3576
      objectReference: {fileID: 0}
    - target: {fileID: 3725922257991454206, guid: 8b8f77be3d42d4f03b9ade49b4fb5160,
        type: 3}
      propertyPath: m_LocalScale.z
      value: 32.186398
      objectReference: {fileID: 0}
    m_RemovedComponents: []
  m_SourcePrefab: {fileID: 100100000, guid: 8b8f77be3d42d4f03b9ade49b4fb5160, type: 3}
--- !u!4 &1516052067 stripped
Transform:
  m_CorrespondingSourceObject: {fileID: 3725922257991454206, guid: 8b8f77be3d42d4f03b9ade49b4fb5160,
    type: 3}
  m_PrefabInstance: {fileID: 1516052066}
  m_PrefabAsset: {fileID: 0}
--- !u!1001 &1543464711
PrefabInstance:
  m_ObjectHideFlags: 0
  serializedVersion: 2
  m_Modification:
    m_TransformParent: {fileID: 0}
    m_Modifications:
    - target: {fileID: 944031851353780448, guid: 1ef026cc9ef6243ecba5c60de901b5f1,
        type: 3}
      propertyPath: m_Name
      value: Oscilating Obstacle (3)
      objectReference: {fileID: 0}
    - target: {fileID: 944031851353780460, guid: 1ef026cc9ef6243ecba5c60de901b5f1,
        type: 3}
      propertyPath: m_LocalPosition.x
      value: 144.4
      objectReference: {fileID: 0}
    - target: {fileID: 944031851353780460, guid: 1ef026cc9ef6243ecba5c60de901b5f1,
        type: 3}
      propertyPath: m_LocalPosition.y
      value: 18.3
      objectReference: {fileID: 0}
    - target: {fileID: 944031851353780460, guid: 1ef026cc9ef6243ecba5c60de901b5f1,
        type: 3}
      propertyPath: m_LocalPosition.z
      value: 0
      objectReference: {fileID: 0}
    - target: {fileID: 944031851353780460, guid: 1ef026cc9ef6243ecba5c60de901b5f1,
        type: 3}
      propertyPath: m_LocalRotation.x
      value: 0
      objectReference: {fileID: 0}
    - target: {fileID: 944031851353780460, guid: 1ef026cc9ef6243ecba5c60de901b5f1,
        type: 3}
      propertyPath: m_LocalRotation.y
      value: 0
      objectReference: {fileID: 0}
    - target: {fileID: 944031851353780460, guid: 1ef026cc9ef6243ecba5c60de901b5f1,
        type: 3}
      propertyPath: m_LocalRotation.z
      value: 0.7071068
      objectReference: {fileID: 0}
    - target: {fileID: 944031851353780460, guid: 1ef026cc9ef6243ecba5c60de901b5f1,
        type: 3}
      propertyPath: m_LocalRotation.w
      value: 0.7071068
      objectReference: {fileID: 0}
    - target: {fileID: 944031851353780460, guid: 1ef026cc9ef6243ecba5c60de901b5f1,
        type: 3}
      propertyPath: m_RootOrder
      value: 12
      objectReference: {fileID: 0}
    - target: {fileID: 944031851353780460, guid: 1ef026cc9ef6243ecba5c60de901b5f1,
        type: 3}
      propertyPath: m_LocalEulerAnglesHint.x
      value: 0
      objectReference: {fileID: 0}
    - target: {fileID: 944031851353780460, guid: 1ef026cc9ef6243ecba5c60de901b5f1,
        type: 3}
      propertyPath: m_LocalEulerAnglesHint.y
      value: 0
      objectReference: {fileID: 0}
    - target: {fileID: 944031851353780460, guid: 1ef026cc9ef6243ecba5c60de901b5f1,
        type: 3}
      propertyPath: m_LocalEulerAnglesHint.z
      value: 90
      objectReference: {fileID: 0}
    - target: {fileID: 944031851353780460, guid: 1ef026cc9ef6243ecba5c60de901b5f1,
        type: 3}
      propertyPath: m_LocalScale.x
      value: 1
      objectReference: {fileID: 0}
    - target: {fileID: 944031851353780460, guid: 1ef026cc9ef6243ecba5c60de901b5f1,
        type: 3}
      propertyPath: m_LocalScale.y
      value: 47.82134
      objectReference: {fileID: 0}
    - target: {fileID: 944031851353780460, guid: 1ef026cc9ef6243ecba5c60de901b5f1,
        type: 3}
      propertyPath: m_LocalScale.z
      value: 27.764896
      objectReference: {fileID: 0}
    - target: {fileID: 4516263227184295880, guid: 1ef026cc9ef6243ecba5c60de901b5f1,
        type: 3}
      propertyPath: movementVector.y
      value: 0
      objectReference: {fileID: 0}
    - target: {fileID: 4516263227184295880, guid: 1ef026cc9ef6243ecba5c60de901b5f1,
        type: 3}
      propertyPath: period
      value: 14
      objectReference: {fileID: 0}
    - target: {fileID: 4516263227184295880, guid: 1ef026cc9ef6243ecba5c60de901b5f1,
        type: 3}
      propertyPath: movementVector.x
      value: -400
      objectReference: {fileID: 0}
    m_RemovedComponents: []
  m_SourcePrefab: {fileID: 100100000, guid: 1ef026cc9ef6243ecba5c60de901b5f1, type: 3}
--- !u!1001 &1638588906
PrefabInstance:
  m_ObjectHideFlags: 0
  serializedVersion: 2
  m_Modification:
    m_TransformParent: {fileID: 0}
    m_Modifications:
    - target: {fileID: 944031851353780448, guid: 1ef026cc9ef6243ecba5c60de901b5f1,
        type: 3}
      propertyPath: m_Name
      value: Oscilating Obstacle (10)
      objectReference: {fileID: 0}
    - target: {fileID: 944031851353780460, guid: 1ef026cc9ef6243ecba5c60de901b5f1,
        type: 3}
      propertyPath: m_LocalPosition.x
      value: -58.3
      objectReference: {fileID: 0}
    - target: {fileID: 944031851353780460, guid: 1ef026cc9ef6243ecba5c60de901b5f1,
        type: 3}
      propertyPath: m_LocalPosition.y
      value: -25.3
      objectReference: {fileID: 0}
    - target: {fileID: 944031851353780460, guid: 1ef026cc9ef6243ecba5c60de901b5f1,
        type: 3}
      propertyPath: m_LocalPosition.z
      value: 0
      objectReference: {fileID: 0}
    - target: {fileID: 944031851353780460, guid: 1ef026cc9ef6243ecba5c60de901b5f1,
        type: 3}
      propertyPath: m_LocalRotation.x
      value: 0
      objectReference: {fileID: 0}
    - target: {fileID: 944031851353780460, guid: 1ef026cc9ef6243ecba5c60de901b5f1,
        type: 3}
      propertyPath: m_LocalRotation.y
      value: 0
      objectReference: {fileID: 0}
    - target: {fileID: 944031851353780460, guid: 1ef026cc9ef6243ecba5c60de901b5f1,
        type: 3}
      propertyPath: m_LocalRotation.z
      value: 0
      objectReference: {fileID: 0}
    - target: {fileID: 944031851353780460, guid: 1ef026cc9ef6243ecba5c60de901b5f1,
        type: 3}
      propertyPath: m_LocalRotation.w
      value: 1
      objectReference: {fileID: 0}
    - target: {fileID: 944031851353780460, guid: 1ef026cc9ef6243ecba5c60de901b5f1,
        type: 3}
      propertyPath: m_RootOrder
      value: 19
      objectReference: {fileID: 0}
    - target: {fileID: 944031851353780460, guid: 1ef026cc9ef6243ecba5c60de901b5f1,
        type: 3}
      propertyPath: m_LocalEulerAnglesHint.x
      value: 0
      objectReference: {fileID: 0}
    - target: {fileID: 944031851353780460, guid: 1ef026cc9ef6243ecba5c60de901b5f1,
        type: 3}
      propertyPath: m_LocalEulerAnglesHint.y
      value: 0
      objectReference: {fileID: 0}
    - target: {fileID: 944031851353780460, guid: 1ef026cc9ef6243ecba5c60de901b5f1,
        type: 3}
      propertyPath: m_LocalEulerAnglesHint.z
      value: 0
      objectReference: {fileID: 0}
    - target: {fileID: 944031851353780460, guid: 1ef026cc9ef6243ecba5c60de901b5f1,
        type: 3}
      propertyPath: m_LocalScale.x
      value: 1
      objectReference: {fileID: 0}
    - target: {fileID: 944031851353780460, guid: 1ef026cc9ef6243ecba5c60de901b5f1,
        type: 3}
      propertyPath: m_LocalScale.y
      value: 47.82134
      objectReference: {fileID: 0}
    - target: {fileID: 944031851353780460, guid: 1ef026cc9ef6243ecba5c60de901b5f1,
        type: 3}
      propertyPath: m_LocalScale.z
      value: 27.764896
      objectReference: {fileID: 0}
    - target: {fileID: 4516263227184295880, guid: 1ef026cc9ef6243ecba5c60de901b5f1,
        type: 3}
      propertyPath: movementVector.y
      value: 200
      objectReference: {fileID: 0}
    - target: {fileID: 4516263227184295880, guid: 1ef026cc9ef6243ecba5c60de901b5f1,
        type: 3}
      propertyPath: period
      value: 4
      objectReference: {fileID: 0}
    - target: {fileID: 4516263227184295880, guid: 1ef026cc9ef6243ecba5c60de901b5f1,
        type: 3}
      propertyPath: movementVector.x
      value: 0
      objectReference: {fileID: 0}
    m_RemovedComponents: []
  m_SourcePrefab: {fileID: 100100000, guid: 1ef026cc9ef6243ecba5c60de901b5f1, type: 3}
--- !u!1001 &1694711745
PrefabInstance:
  m_ObjectHideFlags: 0
  serializedVersion: 2
  m_Modification:
    m_TransformParent: {fileID: 0}
    m_Modifications:
    - target: {fileID: 7014763110519583137, guid: 1e0c9f3ce04634b46bf41fb93ff82275,
        type: 3}
      propertyPath: m_Name
      value: Backdrop
      objectReference: {fileID: 0}
    - target: {fileID: 2414999741658625002, guid: 1e0c9f3ce04634b46bf41fb93ff82275,
        type: 3}
      propertyPath: m_LocalPosition.x
      value: 11
      objectReference: {fileID: 0}
    - target: {fileID: 2414999741658625002, guid: 1e0c9f3ce04634b46bf41fb93ff82275,
        type: 3}
      propertyPath: m_LocalPosition.y
      value: 28.7
      objectReference: {fileID: 0}
    - target: {fileID: 2414999741658625002, guid: 1e0c9f3ce04634b46bf41fb93ff82275,
        type: 3}
      propertyPath: m_LocalPosition.z
      value: 20.7
      objectReference: {fileID: 0}
    - target: {fileID: 2414999741658625002, guid: 1e0c9f3ce04634b46bf41fb93ff82275,
        type: 3}
      propertyPath: m_LocalRotation.x
      value: 0
      objectReference: {fileID: 0}
    - target: {fileID: 2414999741658625002, guid: 1e0c9f3ce04634b46bf41fb93ff82275,
        type: 3}
      propertyPath: m_LocalRotation.y
      value: 0
      objectReference: {fileID: 0}
    - target: {fileID: 2414999741658625002, guid: 1e0c9f3ce04634b46bf41fb93ff82275,
        type: 3}
      propertyPath: m_LocalRotation.z
      value: 0
      objectReference: {fileID: 0}
    - target: {fileID: 2414999741658625002, guid: 1e0c9f3ce04634b46bf41fb93ff82275,
        type: 3}
      propertyPath: m_LocalRotation.w
      value: 1
      objectReference: {fileID: 0}
    - target: {fileID: 2414999741658625002, guid: 1e0c9f3ce04634b46bf41fb93ff82275,
        type: 3}
      propertyPath: m_RootOrder
      value: 8
      objectReference: {fileID: 0}
    - target: {fileID: 2414999741658625002, guid: 1e0c9f3ce04634b46bf41fb93ff82275,
        type: 3}
      propertyPath: m_LocalEulerAnglesHint.x
      value: 0
      objectReference: {fileID: 0}
    - target: {fileID: 2414999741658625002, guid: 1e0c9f3ce04634b46bf41fb93ff82275,
        type: 3}
      propertyPath: m_LocalEulerAnglesHint.y
      value: 0
      objectReference: {fileID: 0}
    - target: {fileID: 2414999741658625002, guid: 1e0c9f3ce04634b46bf41fb93ff82275,
        type: 3}
      propertyPath: m_LocalEulerAnglesHint.z
      value: 0
      objectReference: {fileID: 0}
    - target: {fileID: 2414999741658625002, guid: 1e0c9f3ce04634b46bf41fb93ff82275,
        type: 3}
      propertyPath: m_LocalScale.x
      value: 315.1625
      objectReference: {fileID: 0}
    - target: {fileID: 2414999741658625002, guid: 1e0c9f3ce04634b46bf41fb93ff82275,
        type: 3}
      propertyPath: m_LocalScale.y
      value: 262.0623
      objectReference: {fileID: 0}
    m_RemovedComponents: []
  m_SourcePrefab: {fileID: 100100000, guid: 1e0c9f3ce04634b46bf41fb93ff82275, type: 3}
--- !u!1001 &1872694818
PrefabInstance:
  m_ObjectHideFlags: 0
  serializedVersion: 2
  m_Modification:
    m_TransformParent: {fileID: 0}
    m_Modifications:
    - target: {fileID: 944031851353780448, guid: 1ef026cc9ef6243ecba5c60de901b5f1,
        type: 3}
      propertyPath: m_Name
      value: Oscilating Obstacle (2)
      objectReference: {fileID: 0}
    - target: {fileID: 944031851353780460, guid: 1ef026cc9ef6243ecba5c60de901b5f1,
        type: 3}
      propertyPath: m_LocalPosition.x
      value: -145.8
      objectReference: {fileID: 0}
    - target: {fileID: 944031851353780460, guid: 1ef026cc9ef6243ecba5c60de901b5f1,
        type: 3}
      propertyPath: m_LocalPosition.y
      value: 1.2
      objectReference: {fileID: 0}
    - target: {fileID: 944031851353780460, guid: 1ef026cc9ef6243ecba5c60de901b5f1,
        type: 3}
      propertyPath: m_LocalPosition.z
      value: 0
      objectReference: {fileID: 0}
    - target: {fileID: 944031851353780460, guid: 1ef026cc9ef6243ecba5c60de901b5f1,
        type: 3}
      propertyPath: m_LocalRotation.x
      value: 0
      objectReference: {fileID: 0}
    - target: {fileID: 944031851353780460, guid: 1ef026cc9ef6243ecba5c60de901b5f1,
        type: 3}
      propertyPath: m_LocalRotation.y
      value: 0
      objectReference: {fileID: 0}
    - target: {fileID: 944031851353780460, guid: 1ef026cc9ef6243ecba5c60de901b5f1,
        type: 3}
      propertyPath: m_LocalRotation.z
      value: 0.7071068
      objectReference: {fileID: 0}
    - target: {fileID: 944031851353780460, guid: 1ef026cc9ef6243ecba5c60de901b5f1,
        type: 3}
      propertyPath: m_LocalRotation.w
      value: 0.7071068
      objectReference: {fileID: 0}
    - target: {fileID: 944031851353780460, guid: 1ef026cc9ef6243ecba5c60de901b5f1,
        type: 3}
      propertyPath: m_RootOrder
      value: 11
      objectReference: {fileID: 0}
    - target: {fileID: 944031851353780460, guid: 1ef026cc9ef6243ecba5c60de901b5f1,
        type: 3}
      propertyPath: m_LocalEulerAnglesHint.x
      value: 0
      objectReference: {fileID: 0}
    - target: {fileID: 944031851353780460, guid: 1ef026cc9ef6243ecba5c60de901b5f1,
        type: 3}
      propertyPath: m_LocalEulerAnglesHint.y
      value: 0
      objectReference: {fileID: 0}
    - target: {fileID: 944031851353780460, guid: 1ef026cc9ef6243ecba5c60de901b5f1,
        type: 3}
      propertyPath: m_LocalEulerAnglesHint.z
      value: 90
      objectReference: {fileID: 0}
    - target: {fileID: 944031851353780460, guid: 1ef026cc9ef6243ecba5c60de901b5f1,
        type: 3}
      propertyPath: m_LocalScale.x
      value: 1
      objectReference: {fileID: 0}
    - target: {fileID: 944031851353780460, guid: 1ef026cc9ef6243ecba5c60de901b5f1,
        type: 3}
      propertyPath: m_LocalScale.y
      value: 47.82134
      objectReference: {fileID: 0}
    - target: {fileID: 944031851353780460, guid: 1ef026cc9ef6243ecba5c60de901b5f1,
        type: 3}
      propertyPath: m_LocalScale.z
      value: 27.764896
      objectReference: {fileID: 0}
    - target: {fileID: 4516263227184295880, guid: 1ef026cc9ef6243ecba5c60de901b5f1,
        type: 3}
      propertyPath: movementVector.y
      value: 0
      objectReference: {fileID: 0}
    - target: {fileID: 4516263227184295880, guid: 1ef026cc9ef6243ecba5c60de901b5f1,
        type: 3}
      propertyPath: period
      value: 13
      objectReference: {fileID: 0}
    - target: {fileID: 4516263227184295880, guid: 1ef026cc9ef6243ecba5c60de901b5f1,
        type: 3}
      propertyPath: movementVector.x
      value: 400
      objectReference: {fileID: 0}
    m_RemovedComponents: []
  m_SourcePrefab: {fileID: 100100000, guid: 1ef026cc9ef6243ecba5c60de901b5f1, type: 3}
--- !u!1001 &1883552824
PrefabInstance:
  m_ObjectHideFlags: 0
  serializedVersion: 2
  m_Modification:
    m_TransformParent: {fileID: 0}
    m_Modifications:
    - target: {fileID: 944031851353780448, guid: 1ef026cc9ef6243ecba5c60de901b5f1,
        type: 3}
      propertyPath: m_Name
      value: Oscilating Obstacle (5)
      objectReference: {fileID: 0}
    - target: {fileID: 944031851353780460, guid: 1ef026cc9ef6243ecba5c60de901b5f1,
        type: 3}
      propertyPath: m_LocalPosition.x
      value: 144.9
      objectReference: {fileID: 0}
    - target: {fileID: 944031851353780460, guid: 1ef026cc9ef6243ecba5c60de901b5f1,
        type: 3}
      propertyPath: m_LocalPosition.y
      value: 56
      objectReference: {fileID: 0}
    - target: {fileID: 944031851353780460, guid: 1ef026cc9ef6243ecba5c60de901b5f1,
        type: 3}
      propertyPath: m_LocalPosition.z
      value: 0
      objectReference: {fileID: 0}
    - target: {fileID: 944031851353780460, guid: 1ef026cc9ef6243ecba5c60de901b5f1,
        type: 3}
      propertyPath: m_LocalRotation.x
      value: 0
      objectReference: {fileID: 0}
    - target: {fileID: 944031851353780460, guid: 1ef026cc9ef6243ecba5c60de901b5f1,
        type: 3}
      propertyPath: m_LocalRotation.y
      value: 0
      objectReference: {fileID: 0}
    - target: {fileID: 944031851353780460, guid: 1ef026cc9ef6243ecba5c60de901b5f1,
        type: 3}
      propertyPath: m_LocalRotation.z
      value: 0.7071068
      objectReference: {fileID: 0}
    - target: {fileID: 944031851353780460, guid: 1ef026cc9ef6243ecba5c60de901b5f1,
        type: 3}
      propertyPath: m_LocalRotation.w
      value: 0.7071068
      objectReference: {fileID: 0}
    - target: {fileID: 944031851353780460, guid: 1ef026cc9ef6243ecba5c60de901b5f1,
        type: 3}
      propertyPath: m_RootOrder
      value: 14
      objectReference: {fileID: 0}
    - target: {fileID: 944031851353780460, guid: 1ef026cc9ef6243ecba5c60de901b5f1,
        type: 3}
      propertyPath: m_LocalEulerAnglesHint.x
      value: 0
      objectReference: {fileID: 0}
    - target: {fileID: 944031851353780460, guid: 1ef026cc9ef6243ecba5c60de901b5f1,
        type: 3}
      propertyPath: m_LocalEulerAnglesHint.y
      value: 0
      objectReference: {fileID: 0}
    - target: {fileID: 944031851353780460, guid: 1ef026cc9ef6243ecba5c60de901b5f1,
        type: 3}
      propertyPath: m_LocalEulerAnglesHint.z
      value: 90
      objectReference: {fileID: 0}
    - target: {fileID: 944031851353780460, guid: 1ef026cc9ef6243ecba5c60de901b5f1,
        type: 3}
      propertyPath: m_LocalScale.x
      value: 1
      objectReference: {fileID: 0}
    - target: {fileID: 944031851353780460, guid: 1ef026cc9ef6243ecba5c60de901b5f1,
        type: 3}
      propertyPath: m_LocalScale.y
      value: 47.82134
      objectReference: {fileID: 0}
    - target: {fileID: 944031851353780460, guid: 1ef026cc9ef6243ecba5c60de901b5f1,
        type: 3}
      propertyPath: m_LocalScale.z
      value: 27.764896
      objectReference: {fileID: 0}
    - target: {fileID: 4516263227184295880, guid: 1ef026cc9ef6243ecba5c60de901b5f1,
        type: 3}
      propertyPath: movementVector.y
      value: 0
      objectReference: {fileID: 0}
    - target: {fileID: 4516263227184295880, guid: 1ef026cc9ef6243ecba5c60de901b5f1,
        type: 3}
      propertyPath: period
      value: 16
      objectReference: {fileID: 0}
    - target: {fileID: 4516263227184295880, guid: 1ef026cc9ef6243ecba5c60de901b5f1,
        type: 3}
      propertyPath: movementVector.x
      value: -400
      objectReference: {fileID: 0}
    m_RemovedComponents: []
  m_SourcePrefab: {fileID: 100100000, guid: 1ef026cc9ef6243ecba5c60de901b5f1, type: 3}
--- !u!1001 &2036045737
PrefabInstance:
  m_ObjectHideFlags: 0
  serializedVersion: 2
  m_Modification:
    m_TransformParent: {fileID: 0}
    m_Modifications:
    - target: {fileID: 944031851353780448, guid: 1ef026cc9ef6243ecba5c60de901b5f1,
        type: 3}
      propertyPath: m_Name
      value: Oscilating Obstacle (6)
      objectReference: {fileID: 0}
    - target: {fileID: 944031851353780460, guid: 1ef026cc9ef6243ecba5c60de901b5f1,
        type: 3}
      propertyPath: m_LocalPosition.x
      value: 49.9
      objectReference: {fileID: 0}
    - target: {fileID: 944031851353780460, guid: 1ef026cc9ef6243ecba5c60de901b5f1,
        type: 3}
      propertyPath: m_LocalPosition.y
      value: -25.3
      objectReference: {fileID: 0}
    - target: {fileID: 944031851353780460, guid: 1ef026cc9ef6243ecba5c60de901b5f1,
        type: 3}
      propertyPath: m_LocalPosition.z
      value: 0
      objectReference: {fileID: 0}
    - target: {fileID: 944031851353780460, guid: 1ef026cc9ef6243ecba5c60de901b5f1,
        type: 3}
      propertyPath: m_LocalRotation.x
      value: 0
      objectReference: {fileID: 0}
    - target: {fileID: 944031851353780460, guid: 1ef026cc9ef6243ecba5c60de901b5f1,
        type: 3}
      propertyPath: m_LocalRotation.y
      value: 0
      objectReference: {fileID: 0}
    - target: {fileID: 944031851353780460, guid: 1ef026cc9ef6243ecba5c60de901b5f1,
        type: 3}
      propertyPath: m_LocalRotation.z
      value: 0
      objectReference: {fileID: 0}
    - target: {fileID: 944031851353780460, guid: 1ef026cc9ef6243ecba5c60de901b5f1,
        type: 3}
      propertyPath: m_LocalRotation.w
      value: 1
      objectReference: {fileID: 0}
    - target: {fileID: 944031851353780460, guid: 1ef026cc9ef6243ecba5c60de901b5f1,
        type: 3}
      propertyPath: m_RootOrder
      value: 15
      objectReference: {fileID: 0}
    - target: {fileID: 944031851353780460, guid: 1ef026cc9ef6243ecba5c60de901b5f1,
        type: 3}
      propertyPath: m_LocalEulerAnglesHint.x
      value: 0
      objectReference: {fileID: 0}
    - target: {fileID: 944031851353780460, guid: 1ef026cc9ef6243ecba5c60de901b5f1,
        type: 3}
      propertyPath: m_LocalEulerAnglesHint.y
      value: 0
      objectReference: {fileID: 0}
    - target: {fileID: 944031851353780460, guid: 1ef026cc9ef6243ecba5c60de901b5f1,
        type: 3}
      propertyPath: m_LocalEulerAnglesHint.z
      value: 0
      objectReference: {fileID: 0}
    - target: {fileID: 944031851353780460, guid: 1ef026cc9ef6243ecba5c60de901b5f1,
        type: 3}
      propertyPath: m_LocalScale.x
      value: 1
      objectReference: {fileID: 0}
    - target: {fileID: 944031851353780460, guid: 1ef026cc9ef6243ecba5c60de901b5f1,
        type: 3}
      propertyPath: m_LocalScale.y
      value: 47.82134
      objectReference: {fileID: 0}
    - target: {fileID: 944031851353780460, guid: 1ef026cc9ef6243ecba5c60de901b5f1,
        type: 3}
      propertyPath: m_LocalScale.z
      value: 27.764896
      objectReference: {fileID: 0}
    - target: {fileID: 4516263227184295880, guid: 1ef026cc9ef6243ecba5c60de901b5f1,
        type: 3}
      propertyPath: movementVector.y
      value: 200
      objectReference: {fileID: 0}
    - target: {fileID: 4516263227184295880, guid: 1ef026cc9ef6243ecba5c60de901b5f1,
        type: 3}
      propertyPath: period
      value: 6
      objectReference: {fileID: 0}
    - target: {fileID: 4516263227184295880, guid: 1ef026cc9ef6243ecba5c60de901b5f1,
        type: 3}
      propertyPath: movementVector.x
      value: 0
      objectReference: {fileID: 0}
    m_RemovedComponents: []
  m_SourcePrefab: {fileID: 100100000, guid: 1ef026cc9ef6243ecba5c60de901b5f1, type: 3}
--- !u!1 &2129495920
GameObject:
  m_ObjectHideFlags: 0
  m_CorrespondingSourceObject: {fileID: 0}
  m_PrefabInstance: {fileID: 0}
  m_PrefabAsset: {fileID: 0}
  serializedVersion: 6
  m_Component:
  - component: {fileID: 2129495922}
  - component: {fileID: 2129495921}
  m_Layer: 0
  m_Name: Wind-Ambiance
  m_TagString: Untagged
  m_Icon: {fileID: 0}
  m_NavMeshLayer: 0
  m_StaticEditorFlags: 0
  m_IsActive: 1
--- !u!82 &2129495921
AudioSource:
  m_ObjectHideFlags: 0
  m_CorrespondingSourceObject: {fileID: 0}
  m_PrefabInstance: {fileID: 0}
  m_PrefabAsset: {fileID: 0}
  m_GameObject: {fileID: 2129495920}
  m_Enabled: 1
  serializedVersion: 4
  OutputAudioMixerGroup: {fileID: 0}
  m_audioClip: {fileID: 8300000, guid: f60530b8d32254721a7a5e238a2d4dc0, type: 3}
  m_PlayOnAwake: 1
  m_Volume: 1
  m_Pitch: 1
  Loop: 1
  Mute: 0
  Spatialize: 0
  SpatializePostEffects: 0
  Priority: 128
  DopplerLevel: 1
  MinDistance: 1
  MaxDistance: 500
  Pan2D: 0
  rolloffMode: 0
  BypassEffects: 0
  BypassListenerEffects: 0
  BypassReverbZones: 0
  rolloffCustomCurve:
    serializedVersion: 2
    m_Curve:
    - serializedVersion: 3
      time: 0
      value: 1
      inSlope: 0
      outSlope: 0
      tangentMode: 0
      weightedMode: 0
      inWeight: 0.33333334
      outWeight: 0.33333334
    - serializedVersion: 3
      time: 1
      value: 0
      inSlope: 0
      outSlope: 0
      tangentMode: 0
      weightedMode: 0
      inWeight: 0.33333334
      outWeight: 0.33333334
    m_PreInfinity: 2
    m_PostInfinity: 2
    m_RotationOrder: 4
  panLevelCustomCurve:
    serializedVersion: 2
    m_Curve:
    - serializedVersion: 3
      time: 0
      value: 0
      inSlope: 0
      outSlope: 0
      tangentMode: 0
      weightedMode: 0
      inWeight: 0.33333334
      outWeight: 0.33333334
    m_PreInfinity: 2
    m_PostInfinity: 2
    m_RotationOrder: 4
  spreadCustomCurve:
    serializedVersion: 2
    m_Curve:
    - serializedVersion: 3
      time: 0
      value: 0
      inSlope: 0
      outSlope: 0
      tangentMode: 0
      weightedMode: 0
      inWeight: 0.33333334
      outWeight: 0.33333334
    m_PreInfinity: 2
    m_PostInfinity: 2
    m_RotationOrder: 4
  reverbZoneMixCustomCurve:
    serializedVersion: 2
    m_Curve:
    - serializedVersion: 3
      time: 0
      value: 1
      inSlope: 0
      outSlope: 0
      tangentMode: 0
      weightedMode: 0
      inWeight: 0.33333334
      outWeight: 0.33333334
    m_PreInfinity: 2
    m_PostInfinity: 2
    m_RotationOrder: 4
--- !u!4 &2129495922
Transform:
  m_ObjectHideFlags: 0
  m_CorrespondingSourceObject: {fileID: 0}
  m_PrefabInstance: {fileID: 0}
  m_PrefabAsset: {fileID: 0}
  m_GameObject: {fileID: 2129495920}
  m_LocalRotation: {x: 0, y: 0, z: 0, w: 1}
  m_LocalPosition: {x: 0, y: 0, z: 0}
  m_LocalScale: {x: 1, y: 1, z: 1}
  m_Children: []
  m_Father: {fileID: 0}
  m_RootOrder: 21
  m_LocalEulerAnglesHint: {x: 0, y: 0, z: 0}
